2966 4294
223 263 307 319 Crine.
321 265 365 336 11]
556 265 767 319 SELECHONS
790 268 888 318 FROM
912 267 995 317 LIVY

223 453 346 509 casum,
367 431 401 494 in
425 454 491 515 qua
514 433 594 496 urbs
620 434 727 496 Roma
750 431 866 518 victori
890 433 1073 514 praemium
1097 442 1196 508 esset,
1220 432 1331 496 imber

223 536 341 618 ingens
358 536 520 617 grandine
536 538 657 599 mixtus
672 537 719 599 ita
734 546 909 618 utramque
926 538 1029 599 aciem
1046 536 1202 611 turbavit,
1220 546 1256 598 ut
1273 536 1330 598 vix

221 640 321 702 armis
343 639 480 702 retentis
499 641 534 702 in
556 649 665 703 castra
686 660 759 702 sese
781 641 968 720 receperint
987 639 1109 702 nullius
1130 639 1177 702 rei
1198 641 1329 702 minore

190 763 204 813 3
222 764 321 826 quam
338 743 483 806 hostium
499 753 600 806 metu.
649 743 693 806 Et
715 753 847 825 postero
868 743 921 806 die
943 743 1059 806 eodem
1081 744 1154 806 loco
1173 743 1262 806 acies
1281 743 1329 804 in-

222 857 364 910 structas
386 847 503 910 eadem
525 856 707 928 tempestas
729 847 868 910 diremit.
920 846 987 910 Vbi
1007 848 1214 928 recepissent
1234 867 1269 910 se
1293 847 1327 909 in

187 974 204 1020 4
222 960 340 1027 castra,
353 953 436 1013 mira
453 950 613 1014 serenitas
626 971 701 1013 cum
714 951 952 1033 tranquillitate
969 951 1147 1014 oriebatur.
1196 951 1236 1012 ln
1254 951 1329 1013 reli-

221 1055 354 1136 gionem
371 1075 411 1118 ea
426 1075 480 1118 res
497 1055 586 1136 apud
600 1056 729 1118 Poenos
741 1075 837 1118 versa
853 1064 912 1129 est,
928 1054 1106 1136 auditaque
1119 1055 1328 1146 vox'Hanni-

221 1158 304 1222 balis
320 1159 435 1234 fertur,
449 1158 631 1240 potiundae
649 1158 711 1221 sibi
728 1158 818 1221 urbis
834 1160 961 1222 Romae
978 1159 1076 1221 modo
1093 1168 1239 1221 mentem
1256 1179 1325 1221 non

187 1289 201 1343 5
221 1263 300 1339 dari,
318 1264 416 1327 modo
429 1263 607 1326 fortunam.
659 1263 812 1325 Minuere
825 1264 924 1325 etiam
939 1283 1032 1343 spem
1045 1263 1116 1325 eius
1129 1263 1214 1325 duae
1228 1263 1325 1337 aliae,

221 1387 324 1449 parva
336 1387 534 1449 magnaque,
549 1387 601 1429 res
613 1388 620 1444 ;
638 1387 762 1448 magna
772 1366 836 1443 illa,
851 1367 950 1448 quod,
964 1387 1038 1429 cum
1052 1367 1125 1447 ipse
1137 1367 1179 1429 ad
1192 1366 1326 1429 moenia

220 1471 311 1534 urbis
329 1472 456 1534 Romae
472 1481 619 1534 armatus
636 1471 776 1546 sederet,
794 1471 915 1534 milites
932 1471 993 1533 sub
1006 1470 1133 1534 vexillis
1145 1471 1178 1532 in
1191 1471 1326 1552 supple-

187 1585 368 1638 omentum
394 1575 581 1656 Hispaniae
604 1576 775 1656 profectos
799 1575 921 1652 audiit;
954 1595 1057 1657 parva
1087 1583 1208 1650 autem,
1233 1574 1326 1656 quod

214 1691 276 1760 per
293 1700 350 1743 eos
369 1679 440 1741 dies
460 1698 536 1742 eum
559 1679 645 1742 forte
665 1700 782 1760 agrum
807 1681 840 1741 in
865 1701 931 1762 quo
955 1681 1028 1761 ipse
1051 1688 1161 1743 castra
1184 1678 1325 1741 haberet

219 1783 360 1859 venisse,
378 1782 460 1844 nihil
476 1782 518 1846 ob
542 1783 575 1845 id
592 1782 762 1846 deminuto
786 1784 902 1864 preti0,
920 1784 1089 1865 cognitum
1114 1805 1154 1847 ex
1177 1785 1324 1872 quodam

186 1912 200 1963 7
219 1887 350 1969 captivo
363 1895 422 1950 est.
471 1887 511 1949 ld
523 1906 603 1949 vero
616 1887 699 1949 adeo
713 1888 893 1969 superbum
907 1898 1006 1971 atque
1017 1889 1190 1970 indignum
1204 1888 1324 1966 visum,

219 1990 290 2053 eius
307 1990 367 2052 soli
383 1990 472 2072 quod
489 1989 560 2070 ipse
576 1990 664 2052 bello
681 2001 816 2071 captum
841 1991 1028 2072 possideret
1049 1991 1252 2074 haberetque
1273 1991 1324 2055 in·

219 2105 355 2186 ventupr
388 2094 516 2156 Romae
546 2103 742 2175 emptorem,
767 2103 803 2157 ut
826 2095 993 2178 extemplo
1015 2105 1134 2159 vocato
1157 2115 1326 2178 praecone

218 2303 303 2376 oftlze
315 2303 403 2370 battle,
416 2319 510 2356 rasum
528 2302 680 2373 indicating
698 2303 746 2358 the
796 2304 847 2358 cial
862 2305 944 2376 duty;
965 2307 1030 2361 here
1043 2307 1130 2367 either
1142 2307 1171 2362 in
1184 2309 1230 2362 the
1244 2308 1327 2363 latter

219 2384 390 2454 uncertainty
405 2384 437 2437 of
452 2385 498 2437 the
515 2384 614 2449 result3
635 2400 659 2449 4,
673 2399 744 2454 39,3
796 2403 884 2452 sense,
898 2405 936 2454 or,
953 2389 1028 2442 since
1049 2390 1077 2441 in
1098 2390 1143 2442 the
1164 2389 1325 2459 republican

218 2467 336 2518 tendunt
347 2466 378 2517 in
391 2480 584 2533 quemcumque
599 2480 702 2516 cusum.
711 2495 746 2504 -
796 2467 892 2534 period
907 2468 1009 2521 vexilla
1020 2486 1091 2522 were
1108 2469 1265 2523 sometimes
1284 2479 1325 2523 at·

219 2547 383 2610 receperint:
408 2544 448 2597 lor
461 2544 507 2597 the
521 2552 598 2596 tense
612 2561 657 2596 see
671 2561 707 2596 on
722 2559 745 2611 1,
796 2546 895 2600 tached
916 2556 944 2601 to
965 2549 1055 2622 signu·
1072 2549 1203 2620 referring
1223 2558 1254 2604 to
1276 2551 1325 2604 the

219 2638 244 2690 3,
257 2639 274 2688 4
286 2626 352 2675 ausi
361 2626 426 2676 rz'nt.
796 2626 923 2698 ordinary
931 2629 1075 2682 standards
1086 2629 1116 2682 of
1122 2629 1169 2684 the
1180 2630 1324 2700 maniples.

263 2720 286 2765 3.
319 2705 498 2769 recepissent:
529 2703 667 2771 iterative3
699 2721 746 2757 see
795 2707 1100 2773 —insupplementum
1111 2710 1274 2775 Hispaniae:
1296 2718 1325 2764 to

219 2801 255 2837 on
268 2799 292 2851 3,
307 2785 347 2851 36,
362 2786 387 2837 8.
794 2786 846 2856 fill
860 2792 899 2857 up
909 2787 955 2840 the
970 2796 1052 2859 quota
1061 2790 1115 2859 sor
1127 2791 1217 2859 Spain
1226 2809 1236 2855 ‚·
1256 2791 1323 2844 with

263 2882 286 2926 4.
315 2865 343 2915 in
354 2865 514 2930 religionem
528 2904 533 2916 .
549 2904 554 2916 .
570 2880 668 2918 .versa
685 2868 743 2917 est:
796 2866 851 2920 this
870 2885 918 2921 use
937 2868 1012 2922 ofin
1032 2869 1124 2936 cf.§2
1142 2873 1172 2922 in
1194 2909 1200 2922 .
1223 2910 1228 2922 .
1253 2887 1325 2924 ‚ca-

219 2947 260 2998 τῖε.
285 2963 340 2998 was
365 2945 511 3015 explained
535 2963 565 2998 as
588 2962 603 2997 a
623 2946 746 3014 warning
795 2965 866 2999 sum.
903 2949 1062 3018 Hispaniae
1081 2949 1104 3003 is
1123 2949 1177 3002 dat.
1194 2949 1225 3002 of
1240 2949 1325 3004 inter·

220 3025 289 3079 from
299 3026 345 3078 the
355 3026 440 3095 gods3
462 3025 503 3079 ior
515 3026 562 3079 the
576 3026 704 3096 meaning
714 3025 746 3078 of
796 3036 846 3092 est,
864 3027 960 3098 taking
979 3029 1025 3082 the
1043 3030 1119 3097 place
1137 3029 1168 3083 of
1182 3030 1229 3083 the
1248 3048 1324 3084 more

219 3107 313 3174 religni]
329 3105 362 3159 cf,
377 3120 400 3174 5,
413 3107 484 3173 4o,8
503 3106 559 3158 and
581 3120 746 3158 10.-men-
795 3107 872 3160 usual
906 3109 1091 3162 construction
1118 3107 1181 3162 with
1214 3111 1325 3186 supple·

218 3188 291 3238 tem:
305 3187 375 3252 tileo,
388 3187 561 3239 inclinatior.
795 3193 926 3253 mentum,
950 3191 981 3241 in
1008 3189 1072 3241 with
1099 3206 1168 3258 acc,
1184 3198 1214 3242 to
1241 3191 1325 3243 avoid

262 3280 286 3328 5.
318 3270 368 3318 sub
391 3268 518 3319 vexillis:
546 3267 593 3320 the
615 3267 745 3320 ver‘illum
796 3267 949 3335 repetition.

219 3347 391 3416 wasapiece
405 3346 438 3400 of
450 3347 523 3402 eloth
538 3347 663 3418 hanging
677 3348 745 3400 from
841 3363 864 3410 7.
892 3349 1050 3414 indignum:
1081 3366 1127 3402 see
1151 3365 1188 3407 on
1213 3364 1254 3416 22,
1279 3366 1322 3420 45,

219 3427 396 3481 ahorizontal
407 3428 457 3481 bar
465 3427 593 3481 attached
606 3428 744 3496 toapole.
795 3441 822 3492 4.
835 3430 1050 3494 —possideretz
1082 3429 1162 3494 held,·
1193 3432 1322 3482 haberet:

220 3511 244 3562 lt
259 3526 312 3562 was
326 3508 372 3562 the
386 3508 492 3578 regular
505 3506 636 3560 standard
649 3507 680 3562 of
689 3516 746 3560 vet·
795 3509 908 3574 owned5
936 3509 969 3563 ci.
992 3525 1034 3577 21,
1055 3524 1098 3578 43,
1121 3509 1145 3562 6.
1181 3510 1243 3564 The
1269 3519 1324 3565 two

219 3606 298 3642 erans
315 3588 437 3642 retained
456 3587 483 3639 in
503 3588 550 3640 the
569 3587 672 3641 service
690 3588 746 3640 and
796 3588 894 3655 words,
907 3589 1033 3660 together
1046 3590 1111 3642 with
1123 3594 1242 3659 captum,
1253 3589 1324 3644 sorm

218 3668 250 3722 of
259 3668 449 3723 detachments
462 3667 592 3737 assigned
607 3675 636 3720 to
652 3684 668 3719 a
685 3685 746 3737 spe·
795 3668 931 3738 alogical
956 3669 1106 3722 climax.-
1121 3683 1267 3734 praecone:
1294 3680 1324 3724 to

743 3775 800 3848 278
