2914 4290
582 256 675 306 BOOK
700 255 800 304 XXVII
1100 254 1195 319 [cunr.
1207 266 1239 321 45

138 443 233 505 spem
259 431 449 505 metumque
472 421 632 503 inpellere
657 421 802 496 anim0s;
828 411 953 502 gloriae
976 421 1109 502 quidem
1137 441 1177 483 ex
1204 441 1239 483 re

137 526 224 590 bene
255 536 349 608 gesta
380 536 494 608 partae
525 525 670 587 fructum
695 544 799 605 prope
823 544 956 586 omnem
980 526 1071 605 ipsos
1094 524 1237 601 laturos;

138 651 270 712 semper
286 631 374 713 quod
391 640 596 711 postremum
613 629 777 692 adiectum
797 629 848 704 sit,
865 628 898 690 id
919 649 989 691 rem
1010 637 1113 691 totam
1134 627 1238 691 videri
1273 644 1289 693 6

137 737 286 797 traxisse.
334 735 479 798 Cernere
503 735 604 815 ipsos
629 753 695 814 quo
719 752 892 807 concursu,
917 752 983 814 qua
1010 731 1237 806 admiratione,

137 859 202 920 quo
219 840 334 902 favore
350 839 522 901 hominum
538 839 600 900 iter
617 857 712 899 suum
728 835 921 900 celebretur.
969 837 1013 899 Et
1030 836 1163 899 hercule
1179 857 1239 917 per
1274 867 1287 919 7

137 943 299 1006 instructa
322 944 433 1005 omnia
457 941 627 1004 ordinibus
650 941 795 1003 virorum
824 940 1065 1022 mulierumque
1092 940 1238 1022 undique

137 1068 177 1110 ex
193 1049 282 1129 agris
305 1047 498 1121 effusorum,
519 1047 605 1108 inter
627 1055 705 1108 vota
728 1065 766 1108 ac
790 1064 906 1126 preces
930 1054 964 1109 et
987 1045 1102 1107 laudes
1126 1045 1236 1120 ibant;

136 1153 209 1215 illos
226 1151 392 1234 praesidia
408 1153 455 1214 rei
472 1151 634 1231 publicae,
652 1149 800 1213 vindices
817 1149 907 1212 urbis
925 1151 1097 1212 Romanae
1110 1149 1239 1230 imperi-

137 1277 201 1338 que
218 1256 452 1337 appellabant:
475 1257 508 1316 in
526 1254 655 1317 illorum
673 1255 772 1316 armis
793 1254 982 1336 dextrisque
1006 1274 1099 1316 suam
1124 1254 1143 1315 l‘
1170 1273 1238 1316 ero

137 1381 275 1442 rumque
312 1380 445 1423 suorum
483 1360 622 1422 salutem
655 1379 694 1422 ac
726 1358 910 1422 libertatem
941 1359 1120 1439 repositam
1152 1377 1235 1422 ese.

138 1467 230 1528 Deos
246 1484 362 1527 omnes
378 1465 524 1545 deasque
538 1464 767 1544 precabantur,
781 1473 818 1525 ut
833 1462 896 1525 illis
909 1464 1055 1525 faustum
1072 1463 1143 1537 iter,
1158 1461 1237 1525 felix
1272 1481 1288 1531 8

137 1589 260 1651 pugna,
279 1578 407 1630 matura
430 1589 470 1630 ex
494 1567 644 1630 hostibus
660 1568 797 1630 victoria
819 1576 916 1642 esset,
934 1567 1237 1648 damnarenturque

135 1673 199 1754 ipsi
216 1682 366 1736 votorum
383 1691 468 1753 quae
484 1691 544 1752 pro
560 1672 599 1733 iis
617 1671 850 1752 suscepissent,
865 1681 909 1746 ut,
928 1655 1026 1752 quem
1043 1671 1085 1732 ad
1102 1671 1236 1733 modum
1270 1693 1287 1742 9

135 1797 224 1840 nunc
243 1776 372 1839 solliciti
390 1785 669 1857 prosequerentur
684 1795 749 1848 eos,
767 1776 813 1838 ita
829 1795 953 1856 paucos
971 1784 1047 1856 post
1068 1773 1137 1836 dies
1159 1775 1237 1838 laeti

135 1879 312 1943 ovantibus
329 1881 466 1942 victoria
482 1879 614 1942 obviam
632 1879 724 1942 irent.
774 1879 920 1942 invitare
936 1879 1014 1941 inde
1027 1899 1087 1960 pro
1100 1899 1135 1941 se
1151 1881 1236 1960 quis·
1257 1911 1288 1947 10
1329 1944 1332 1950 ,

135 2005 200 2066 que
217 1994 249 2047 et
264 1984 385 2046 offerre
401 1992 434 2045 et
456 1983 597 2064 fatigare
614 1983 777 2064 precibus,
795 1992 839 2057 ut,
858 2003 943 2065 quae
966 1983 1047 2063 ipsis
1070 1983 1236 2045 iumentis-

135 2109 200 2171 que
214 2087 286 2150 usui
298 2097 418 2162 essent,
431 2087 473 2149 ab
486 2107 521 2150 se
535 2087 743 2168 potissimum
757 2096 943 2163 sumerent;
968 2086 1112 2168 benigne
1126 2087 1236 2148 omnia

135 2192 302 2255 cumulata
329 2192 416 2254 dare.
480 2191 646 2255 Modestia
673 2200 799 2255 certare
827 2191 947 2255 milites
974 2212 1017 2254 ne
1043 2191 1123 2273 quid
1150 2191 1235 2253 ultra
1256 2216 1283 2253 11

133 2376 202 2428 ends
213 2391 276 2428 war
284 2393 293 2438 ,·
311 2373 344 2428 cf.
354 2376 428 2427 Curt.
443 2375 467 2436 8,
481 2375 523 2441 28,
537 2376 660 2446 15fama
711 2374 810 2428 nected
824 2375 921 2443 hyac:
939 2373 972 2428 cf.
987 2389 1007 2438 1,
1021 2389 1064 2443 29,
1076 2388 1094 2438 4
1106 2373 1195 2426 larem
1204 2389 1236 2425 ac

133 2457 207 2508 enim
219 2455 286 2508 bella
297 2461 424 2508 constant
441 2461 467 2508 et
482 2459 562 2524 saepe
576 2458 660 2508 etz'rzm
713 2458 829 2523 penales
840 2461 968 2524 tectaque.
1006 2456 1061 2508 For
1080 2454 1127 2506 the
1146 2452 1234 2506 differ-

133 2535 210 2605 quod
211 2535 292 2606 falso
304 2536 438 2588 creditum
449 2541 489 2588 est
501 2537 566 2589 veri
576 2537 661 2588 vrbem
710 2553 778 2590 enee
797 2536 919 2589 between
932 2541 997 2588 vota
1009 2535 1066 2587 and
1079 2540 1175 2604 preces
1188 2551 1235 2588 see

132 2617 260 2668 obtr'nuit.
271 2619 486 2680 -metumque:
515 2633 561 2669 see
579 2633 616 2670 on
635 2632 660 2685 9,
711 2633 747 2668 on
761 2621 774 2679 ὃ
788 2617 804 2668 8
818 2623 952 2669 votorum.

134 2696 160 2762 6,
174 2711 189 2748 2
203 2699 350 2766 necatique.
753 2702 776 2747 8.
800 2695 923 2748 faustum
943 2732 949 2746 .
969 2733 974 2746 .
994 2734 1000 2746 .
1018 2695 1104 2748 felix:
1124 2714 1140 2749 a
1156 2712 1234 2765 sepa-

179 2782 203 2827 ⁶.
225 2778 360 2829 traxisse:
389 2777 434 2830 the
460 2777 544 2847 figure
569 2777 591 2830 is
613 2776 660 2830 the
710 2777 799 2831 ration
824 2778 856 2831 of
884 2778 931 2831 the
956 2794 1083 2831 common
1110 2776 1233 2842 formula,

133 2874 210 2912 same
234 2875 264 2911 as
291 2858 319 2910 in
345 2861 359 2925 §
383 2875 398 2926 3
424 2858 659 2911 inclinaturus—
710 2858 797 2912 which
812 2875 866 2911 was
880 2858 1053 2927 popularized
1067 2858 1103 2927 by
1117 2858 1151 2910 its
1164 2857 1234 2910 allit-

132 2940 298 2991 celebretur:
315 2939 451 3009 thronged
460 2939 497 3007 by
507 2939 553 2991 the
563 2937 661 2991 inhab-
709 2938 906 2992 eration—ex
925 2939 1063 2990 hostibus:
1088 2956 1135 2992 see
1153 2955 1190 2991 on
1212 2952 1233 3002 1,

133 3020 219 3072 itants
229 3018 260 3073 os
270 3019 316 3072 the
330 3019 424 3090 region
438 3019 557 3089 through
572 3018 660 3072 which
710 3034 752 3084 24,
771 3034 786 3070 2
810 3020 899 3082 aarum,
925 3019 971 3072 the
995 3018 1094 3087 phrase
1118 3018 1141 3071 is
1166 3018 1234 3071 used

132 3100 200 3168 they
214 3117 281 3154 were
299 3100 448 3170 marching.
709 3099 902 3168 attributively,
924 3115 955 3152 as
981 3099 1009 3150 in
1034 3099 1076 3164 26,
1099 3114 1138 3167 13,
1159 3114 1174 3150 2
1200 3099 1235 3151 ab

179 3195 201 3242 7.
220 3194 268 3246 per
280 3181 413 3232 instructa
432 3219 437 3230 .
456 3218 462 3231 .
482 3218 487 3230 .
505 3180 658 3232 ordinibus:
709 3181 1038 3232 Romania-votorum:
1059 3179 1105 3231 the
1114 3179 1233 3247 penalty,

132 3260 258 3330 literally,
266 3261 383 3330 through
392 3261 659 3330 everyllu'ngdrawn
709 3262 748 3311 tle.
763 3260 809 3312 the
829 3267 957 3329 payment
976 3259 1065 3313 which
1085 3260 1150 3328 they
1164 3260 1234 3312 have

132 3344 174 3409 up
185 3343 215 3394 in
235 3341 320 3404 lines:
340 3344 383 3394 tle.
399 3341 522 3394 between
540 3341 609 3393 lines
626 3339 657 3393 of
710 3339 848 3408 promised
861 3348 890 3394 to
903 3340 981 3393 make
997 3339 1020 3392 if
1036 3340 1106 3393 their
1124 3357 1233 3409 prayers

133 3438 198 3474 men
211 3422 267 3475 and
280 3439 385 3475 women
404 3422 441 3474 all
461 3422 552 3474 drawn
572 3438 659 3490 up.-
709 3438 754 3473 are
773 3420 928 3486 answered3
952 3435 992 3485 10,
1005 3435 1048 3488 37,
1064 3421 1095 3472 16
1112 3421 1153 3473 bis
1164 3422 1234 3472 eius·

132 3503 292 3554 effusorum:
313 3519 359 3556 see
370 3519 406 3555 on
416 3517 457 3566 22,
468 3515 492 3567 7,
504 3516 531 3553 ιι
545 3504 659 3554 circum·
709 3502 769 3553 dem
782 3503 843 3553 voti
852 3501 989 3554 damnato
1001 3517 1033 3555 re
1044 3500 1163 3570 publica.

133 3583 455 3655 flammantum-vota
474 3620 480 3632 .
499 3621 508 3652 ·.
523 3620 529 3632 .
547 3583 658 3634 laudes:
754 3598 791 3632 ιο.
817 3581 1009 3645 potissimum:
1046 3580 1137 3633 rather
1166 3581 1234 3633 than

133 3664 180 3716 the
206 3671 259 3716 two
282 3661 386 3715 similar
410 3663 504 3732 things
528 3679 574 3716 are
596 3679 661 3716 con-
710 3661 779 3716 from
791 3679 905 3731 anyone
913 3661 986 3728 else,
1000 3678 1091 3715 seeon
1101 3661 1197 3731 Pracf.
1207 3674 1231 3727 7.

660 3786 714 3843 297
