2976 4302
218 275 299 323 CHAF.
314 275 343 339 9]
550 273 680 322 SELECT
681 273 742 322 lON
746 273 762 322 S
787 274 884 323 FROM
908 274 990 322 LlVll

170 465 199 515 ¹3
217 438 341 520 populo
354 439 396 501 de
409 459 490 520 pace
504 459 541 500 ac
555 438 691 501 foedere
707 438 830 519 agere?
853 439 970 501 Tridui
982 438 1043 502 iter
1055 439 1217 521 expeditis
1230 450 1321 517 erat;

217 544 344 605 interea
367 543 400 604 in
425 542 560 604 indutiis
584 562 637 605 res
661 543 790 615 luisset,
808 542 915 604 donec
939 542 981 604 ab
1007 544 1115 606 Roma
1139 544 1240 625 legati
1263 555 1322 607 aut

216 646 389 708 victoriam
413 646 476 708 illis
499 656 624 709 certam
649 654 706 708 aut
733 665 850 726 pacem
879 646 1060 708 adferrent.
1109 647 1158 709 Ea
1186 647 1319 710 demum

171 771 200 820 14
218 752 354 830 sponsio
379 760 468 813 esset
495 769 595 831 quarn
621 749 736 831 populi
767 751 858 811 iussu
891 751 1195 830 spopondissemus,
1252 752 1319 815 Sed

218 874 326 935 neque
342 874 402 916 vos
425 854 584 916 tulissetis
604 873 665 915 nec
689 873 750 916 nos
774 853 1071 934 spopondissemus
1094 875 1156 917 nec
1180 855 1231 918 fas
1255 856 1319 918 fuit

218 958 317 1019 alium
334 977 443 1019 rerum
459 957 583 1019 exitum
599 977 786 1038 essequam
804 967 839 1019 ut
856 956 910 1032 illi,
924 958 1015 1020 velut
1032 958 1161 1021 somnio
1174 959 1318 1034 laetiore,

171 1080 199 1134 15
218 1082 316 1143 quam
330 1061 419 1143 quod
432 1070 560 1123 mentes
573 1081 686 1123 eorum
700 1081 820 1142 capere
837 1072 984 1142 possent,
999 1064 1199 1144 nequiquam
1212 1063 1320 1127 elude·

165 1173 167 1180 '
217 1176 331 1229 rentur
353 1174 387 1227 et
413 1173 562 1226 nostrum
584 1163 763 1227 exercitum
786 1164 904 1228 eadem
930 1185 1017 1247 quae
1043 1165 1229 1246 inpedierat
1255 1167 1321 1230 for-

217 1278 299 1333 tuna
328 1269 508 1350 expediret,
536 1287 657 1330 vanarn
684 1268 857 1331 victoriam
884 1268 1000 1332 vanior
1029 1270 1171 1333 inritam·
1194 1271 1320 1333 iaceret

218 1393 291 1454 pax,
309 1374 445 1454 sponsio
468 1372 744 1453 interponeretur,
767 1392 853 1454 quae
877 1372 1044 1436 neminem
1068 1383 1201 1456 praeter
1224 1395 1321 1456 spon·

219 1497 327 1540 sorem
343 1476 514 1557 obligaret.

171 1595 202 1645 16
263 1580 382 1662 “Quid
394 1581 483 1642 enim
495 1580 676 1656 vobiscum,
689 1591 801 1662 patres
814 1580 1004 1661 conscripti,
1015 1580 1094 1662 quid
1107 1601 1182 1644 cum
1195 1582 1320 1663 populo

220 1685 373 1748 Romano
397 1694 507 1746 actum
531 1684 605 1747 est?
641 1684 726 1766 Quis
744 1705 804 1747 vos
827 1685 997 1766 appellare
1014 1695 1134 1766 potest,
1151 1685 1224 1768 quis
1243 1706 1278 1749 se
1301 1705 1321 1748 a

219 1788 312 1850 vobis
325 1788 436 1850 dicere
448 1787 649 1869 deceptum?
668 1787 772 1850 hostis
785 1807 828 1849 an
841 1787 942 1850 civis?
967 1788 1068 1852 Hosti
1083 1788 1167 1850 nihil
1179 1809 1321 1870 spopon-

172 1912 201 1965 17
219 1892 322 1968 distis,
340 1893 445 1954 civem
467 1890 635 1974 neminem
656 1891 824 1973 spondere
841 1912 901 1972 pro
917 1892 1011 1954 vobis
1027 1892 1179 1956 iussistis.
1228 1892 1321 1954 Nihil

219 2015 299 2077 ergo
315 1996 409 2058 vobis
433 2014 494 2057 nec
518 1995 691 2057 nobiscum
715 2004 774 2070 est,
793 1995 914 2076 quibus
937 1995 1019 2057 nihil
1044 1996 1235 2070 mandastis
1258 2017 1319 2060 nec

172 2111 202 2160 18
219 2119 293 2162 cum
327 2097 540 2174 Samnitibus,
572 2118 647 2160 cum
679 2099 799 2180 quibus
829 2099 911 2160 nihil
943 2099 1067 2180 egistis.
1116 2098 1321 2162 Samnitibus

219 2222 397 2286 sponsores
417 2222 478 2266 nos
503 2222 616 2265 sumus
640 2201 688 2264 rei
711 2203 792 2265 satis
815 2201 998 2284 locupletes
1012 2201 1056 2265 .in
1080 2201 1112 2264 id
1137 2204 1224 2285 quod
1249 2224 1321 2266 nos-

219 2402 265 2438 see
280 2401 317 2438 on
330 2399 372 2453 25,
385 2398 427 2451 31,
441 2386 552 2452 3.-de
564 2398 630 2450 pace
643 2399 673 2436 ac
689 2384 745 2436 foe-
797 2383 830 2437 cf.
856 2399 898 2450 22,
922 2399 965 2453 43,
994 2399 1004 2436 r
1034 2386 1201 2454 nequiquam
1221 2385 1322 2438 delecta

219 2467 295 2517 dere:
317 2482 334 2517 a
346 2482 428 2534 peace
442 2465 555 2518 secured
568 2464 633 2534 bya
649 2473 743 2535 treaty.
788 2466 908 2536 fraude.
949 2465 1018 2517 This
1037 2482 1086 2518 use
1105 2466 1252 2519 resembles
1273 2465 1321 2518 the

265 2566 305 2612 13.
331 2549 430 2599 tridui:
452 2544 499 2597 the
518 2545 642 2598 distance
658 2545 682 2598 is
698 2562 745 2614 ap·
797 2544 928 2613 proleptic
953 2563 1001 2597 use
1026 2544 1057 2599 of
1077 2562 1113 2597 an
1138 2546 1322 2616 adjective.-

220 2624 398 2696 proximately
411 2641 464 2677 one
479 2624 605 2677 hundred
618 2625 673 2678 and
686 2624 745 2695 tiity
796 2640 898 2677 vanam
918 2665 924 2676 .
947 2665 953 2676 .
977 2664 983 2676 .
1004 2627 1114 2677 vanior:
1139 2626 1205 2679 such
1225 2626 1323 2695 repeti-

220 2706 307 2758 miles.
347 2704 373 2756 li
383 2704 428 2757 the
441 2712 588 2757 statement
605 2705 636 2759 of
651 2722 676 2774 9,
689 2720 740 2770 4,1
797 2704 855 2758 tion
877 2705 900 2757 is
923 2723 1050 2758 common
1073 2705 1100 2757 in
1122 2705 1205 2775 Livy,
1227 2706 1259 2759 cf.
1279 2721 1322 2775 33,

220 2785 243 2839 is
252 2793 363 2848 correct,
373 2784 419 2837 the
431 2783 567 2838 Samnites
577 2785 665 2838 would
676 2785 744 2838 have
796 2800 840 2850 44,
854 2798 868 2850 7
883 2787 939 2837 uiu
955 2788 1099 2839 auertisset
1117 2804 1194 2839 varra
1211 2790 1278 2855 spes,
1290 2803 1327 2838 ex

220 2866 275 2918 had
295 2873 324 2918 to
344 2865 442 2934 supply
461 2864 508 2918 the
534 2867 657 2919 Romans
680 2865 744 2918 with
797 2867 915 2918 sternuere
926 2882 1038 2918 rumore
1050 2873 1121 2917 orta.

219 2945 374 3017 provisions
400 2944 499 3014 during
524 2945 570 2998 the
599 2946 642 2998 six
669 2946 745 3016 days’
844 2956 882 3001 16.
909 2951 1063 3015 appellare:
1099 2952 1127 2999 lo
1152 2946 1208 2999 call
1229 2953 1256 2999 lo
1279 2965 1323 3000 ac·

219 3028 337 3080 absence
355 3024 385 3079 oi
401 3025 448 3079 the
466 3024 643 3094 embassy.-
655 3028 683 3077 in
705 3026 745 3076 in·
797 3032 894 3089 eouul,
914 3025 947 3079 ef.
961 3042 986 3096 9,
1000 3041 1038 3090 11,
1052 3041 1067 3093 3
1081 3027 1137 3079 and
1152 3026 1209 3080 Cic.
1224 3028 1283 3079 Att.
1301 3043 1322 3092 1,

220 3107 305 3160 ostiis
315 3122 358 3158 res
370 3105 486 3157 fuisset:
507 3105 541 3158 cf.
554 3106 578 3172 6,
592 3122 631 3174 13,
641 3121 658 3172 4
666 3107 745 3176 pedi·
798 3107 813 3158 8
827 3106 943 3158 Tulliola
951 3112 1031 3158 letum
1040 3107 1234 3159 munusculum
1239 3107 1324 3177 stagi-

219 3193 280 3240 tum
300 3188 376 3239 labor
392 3188 422 3238 iu
438 3188 625 3255 persequendo
630 3189 701 3257 flu't.
710 3217 746 3224 -—
796 3193 839 3238 tat
851 3193 876 3239 et
888 3203 930 3238 me
940 3193 971 3239 ut
979 3191 1137 3256 sportsorem
1147 3188 1279 3257 appellat.
1288 3219 1323 3226 —

220 3271 254 3321 ab
268 3271 367 3321 Roma:
390 3283 435 3319 see
449 3282 484 3318 on
502 3281 523 3331 1,
537 3281 578 3333 27,
592 3283 617 3332 4.
797 3269 886 3320 civem
906 3269 1057 3320 neminem:
1088 3285 1165 3321 neum
1189 3268 1212 3320 is
1237 3268 1324 3337 rarely

266 3367 306 3413 ¹4·
333 3347 470 3400 tulissetis
479 3364 485 3398 :
492 3348 743 3416 proposed-tas:
797 3348 865 3401 used
878 3365 908 3401 as
921 3348 976 3418 adj.
989 3367 994 3414 ;
1015 3365 1061 3402 see
1074 3365 1112 3401 on
1125 3362 1167 3414 27,
1182 3363 1222 3416 50,
1236 3363 1261 3400 2.

221 3429 468 3498 cf.§1o.-quam
488 3467 494 3479 .
515 3467 520 3479 .
541 3466 547 3478 .
566 3435 692 3497 possent:
711 3428 745 3482 ef.
826 3440 883 3484 ·18.
909 3441 974 3480 nos:
995 3437 1059 3483 note
1073 3428 1120 3482 the
1136 3427 1215 3481 effect
1231 3427 1262 3481 of
1276 3427 1324 3482 the

222 3525 263 3577 27,
278 3523 365 3580 50,7;
386 3524 428 3577 33,
442 3524 484 3575 22,
497 3509 523 3562 6.
797 3508 934 3578 emphatic
965 3508 1109 3577 repetition
1136 3508 1168 3563 of
1194 3507 1240 3561 the
1265 3507 1324 3560 first

266 3609 306 3658 15.
333 3593 511 3659 nequiquam:
529 3590 597 3642 does
606 3597 655 3642 not
664 3606 746 3659 nega-
798 3606 905 3658 person,
916 3606 1013 3650 -nos,
1028 3595 1163 3652 nostrum,
1177 3594 1325 3642 nostra.—

221 3672 276 3725 tive
289 3671 473 3738 eluderentur,
483 3670 532 3723 but
542 3669 693 3723 intensifies
707 3671 743 3735 it,
798 3671 851 3721 rei:
874 3668 942 3721 from
952 3685 1023 3732 reus,
1034 3668 1122 3722 which
1136 3668 1186 3721 has
1199 3668 1264 3721 here
1277 3668 1325 3722 the

746 3776 803 3850 178
