2976 4302
619 299 714 350 soox
737 300 779 348 111
895 283 936 340 2
954 297 1022 342 :
1052 284 1254 364 [omnm-gi
1314 285 1379 353 :f

144 465 233 531 tibus
251 465 393 548 singulis
413 457 556 529 invidiae
575 486 611 529 se
633 465 762 528 offerre.
812 465 853 527 Id
877 465 975 529 modo
997 485 1017 526 a
1037 463 1250 526 multitudine

145 571 391 642 conclamatum
414 581 475 646 est,
498 579 535 633 ut
559 571 596 632 L.
622 569 792 633 Valerium
817 578 851 633 et
875 571 920 632 M.
949 568 1125 632 Horatium
1149 568 1191 630 ad
1215 588 1250 631 se

146 675 334 738 mitterent:
352 674 391 736 iis
408 694 443 736 se
459 675 595 737 daturos
612 693 818 754 responsum.
1124 755 1128 766 Ι

190 796 241 857 51.
275 767 432 840 Dimissis
449 777 567 858 legatis
580 778 738 840 admonet
754 777 875 840 milites
887 775 1068 858 Verginius
1084 775 1117 838 in
1131 795 1166 838 re
1182 796 1249 838 non
1288 799 1298 835 1

148 884 291 944 maxima
308 881 407 962 paulo
424 891 501 944 ante
517 881 720 962 trepidaturn
737 901 820 956 esse,
838 883 916 962 quia
929 883 1001 944 sine
1018 882 1127 962 capite
1144 881 1250 942 multi·

147 987 226 1049 tudo
251 985 361 1060 luerit,
384 1005 658 1067 responsumque,
681 1006 882 1067 quamquam
907 1005 973 1048 non
997 985 1165 1059 inutiliter,
1186 985 1251 1046 for-

147 1091 229 1153 tuito
248 1101 361 1152 tamen
383 1089 489 1169 magis
511 1108 677 1152 consensu
697 1109 796 1171 quam
815 1089 984 1152 communi
1004 1089 1142 1151 consilio
1164 1107 1247 1151 esse.

149 1195 283 1257 Placere
299 1193 415 1256 decem
436 1193 550 1268 creari,
567 1194 623 1274 qui
645 1213 795 1256 summae
813 1193 861 1256 rei
884 1202 1089 1274 praeessent,
1107 1191 1250 1254 militari·
1285 1222 1300 1258 2

147 1319 211 1380 que
228 1299 355 1360 honore
367 1297 519 1360 tribunos
532 1299 673 1359 militum
686 1297 857 1378 appellari.
898 1298 983 1361 Cum
996 1297 1038 1360 ad
1051 1317 1126 1359 eurn
1140 1296 1248 1378 ipsum
1285 1321 1300 1370 3

147 1403 291 1484 primum
314 1401 342 1464 is
366 1402 472 1465 honos
497 1402 691 1477 deferretur,
715 1401 935 1465 “melioribus
959 1403 1041 1464 meis
1064 1401 1249 1483 vestrisque

146 1505 246 1569 rebus
263 1515 430 1568 reservate
442 1505 460 1528 '³
477 1505 584 1587 inquit
601 1511 620 1536 “
633 1506 697 1567 ista
710 1506 753 1568 de
770 1526 823 1568 me
839 1505 977 1580 iudicia;
1001 1525 1063 1568 nec
1081 1505 1161 1567 mihi
1183 1505 1250 1568 filia
1284 1533 1300 1580 4

146 1610 253 1673 inulta
271 1609 433 1672 honorem
455 1609 557 1671 ullum
583 1609 763 1672 iucundum
786 1629 860 1672 esse
885 1609 1016 1691 patitur,
1035 1611 1154 1672 nec-in
1179 1630 1250 1691 per-

147 1714 279 1776 turbata
296 1733 331 1776 re
348 1713 478 1795 publica
495 1734 553 1776 eos
570 1713 649 1777 utile
665 1723 716 1776 est
739 1733 893 1795 praeesse
910 1712 1012 1789 vobis,
1030 1715 1086 1796 qui
1111 1713 1250 1794 proximi

146 1817 290 1881 invidiae
306 1818 380 1880 sint.
429 1817 554 1898 Siquis
571 1838 651 1880 usus
667 1819 732 1880 mei
749 1828 808 1892 est,
823 1817 925 1879 nihilo
942 1818 1048 1879 minor
1063 1837 1104 1880 ex
1120 1818 1249 1898 privato
1285 1843 1298 1896 5

146 1921 329 2003 capietur.''
378 1921 430 1984 Ita
446 1922 562 1984 decern
579 1941 717 1984 numero
733 1921 883 1984 tribunos
901 1921 1058 1984 militares
1074 1931 1197 1983 creant.
1284 1930 1301 1979 6

147 2103 150 2108 ι
192 2027 311 2107 Neque
328 2025 361 2087 in
379 2025 512 2090 Sabinis
529 2025 654 2107 quievit
670 2025 841 2089 exercitus.
891 2025 943 2088 Ibi
962 2045 1094 2106 quoque
1115 2034 1250 2088 auctore
1286 2040 1299 2092 7

150 2130 242 2194 Icilio
268 2129 522 2212 Numitorioque
544 2129 688 2192 secessio
709 2130 751 2193 ab
773 2130 968 2193 decemviris
991 2129 1082 2192 facta
1105 2138 1164 2203 est,
1182 2149 1249 2190 non

149 2234 274 2297 minore
298 2243 390 2296 motu
413 2235 598 2296 animorum
632 2233 718 2297 Sicci
748 2234 860 2296 caedis
890 2233 1050 2296 memoria
1080 2241 1248 2304 renovata,

148 2358 248 2420 quarn
265 2358 364 2418 quem
381 2358 467 2400 nova
483 2338 575 2400 sarna
591 2338 633 2402 de
648 2337 777 2418 virgine
793 2338 877 2400 adeo
893 2337 992 2399 foede
1014 2336 1055 2398 ad
1080 2335 1249 2398 libidinem

148 2441 253 2523 petita
269 2441 476 2504 accenderat.
525 2441 637 2504 Icilius
657 2441 714 2504 ubi
735 2439 859 2503 audivit
882 2440 1032 2503 tribunos
1054 2439 1194 2501 militum
1216 2438 1250 2501 in
1285 2442 1301 2494 8

193 2657 240 2708 ⁵1.
269 2675 292 2709 1.
317 2658 484 2722 trepidatum
496 2672 571 2709 esse:
600 2656 676 2710 there
720 2656 828 2726 pellati.
853 2656 1008 2710 mutilari:
1021 2673 1056 2709 an
1084 2654 1140 2726 obj.
1166 2673 1249 2726 gen.;

148 2736 207 2790 bad
222 2739 284 2790 been
303 2739 543 2804 embarrassment,
558 2738 676 2792 because
724 2744 751 2790 to
763 2739 797 2790 do
809 2737 935 2790 bonorto
947 2737 992 2790 tlte
1002 2738 1125 2790 roldz'ers.

149 2817 225 2871 there
243 2835 298 2870 was
318 2834 355 2870 no
374 2835 427 2871 one
452 2826 481 2872 to
505 2835 611 2871 answer
629 2819 675 2872 the
770 2835 795 2881 3.
821 2820 1003 2870 melioribus.
1025 2857 1030 2868 .
1050 2856 1056 2868 .
1076 2821 1170 2870 rebus:
1197 2819 1252 2890 for

149 2897 376 2966 representatives
393 2898 425 2951 of
440 2898 486 2951 the
504 2905 614 2965 senate3
634 2898 677 2951 for
724 2916 763 2952 an
787 2901 908 2952 occasion
927 2915 1001 2952 more
1018 2898 1112 2968 happy
1127 2899 1183 2971 for
1194 2915 1252 2968 you

149 2977 195 3030 the
218 2977 350 3048 meaning
378 2977 410 3032 of
437 2978 484 3032 the
508 2979 573 3032 verb
594 2978 628 3032 cf.
651 2994 675 3045 2,
725 2980 787 3032 and
796 2997 845 3032 me.

149 3059 191 3124 28,
208 3073 229 3109 1.
760 3079 786 3123 4·
812 3061 929 3126 proximi
954 3061 1089 3112 invidiae:
1115 3065 1185 3113 most
1208 3075 1252 3112 ex·

194 3156 218 3191 2.
245 3141 366 3204 placere:
383 3138 522 3194 historical
531 3139 674 3194 infinitive.
721 3142 809 3210 posed
818 3147 846 3192 to
858 3141 893 3193 ill
902 3141 968 3194 wr'll.

149 3222 298 3272 -decemz
330 3220 378 3274 the
409 3221 525 3274 number
548 3239 603 3274 was
629 3223 678 3274 the
770 3237 795 3284 5.
819 3237 852 3272 ex
864 3223 987 3287 privato:
1008 3238 1047 3274 sc.
1062 3239 1112 3274 me.

149 3316 224 3353 same
241 3317 271 3353 as
285 3300 347 3353 that
360 3299 392 3354 of
407 3302 454 3355 the
472 3301 598 3371 plebeian
612 3301 677 3355 trib·
770 3319 794 3366 7.
821 3305 898 3355 Icilio
913 3304 1132 3366 Numitorioque:
1153 3318 1192 3354 we
1207 3318 1252 3354 are

149 3397 226 3447 unes,
249 3380 338 3434 which
364 3381 419 3434 had
439 3382 509 3435 been
536 3383 676 3436 increased
727 3391 775 3435 not
794 3383 854 3436 told
872 3384 1018 3436 elsewhere
1037 3382 1095 3434 that
1114 3381 1178 3450 they
1198 3381 1252 3433 had

149 3460 179 3512 in
196 3474 248 3530 457
268 3468 297 3514 to
316 3466 541 3516 ten—honore:
573 3462 628 3516 abl.
649 3462 681 3516 of
725 3461 773 3516 left
795 3463 841 3515 the
864 3462 1054 3532 city.-Sicci
1072 3463 1177 3514 caedis:
1206 3478 1252 3514 see

149 3557 239 3609 cause,
252 3542 399 3596 elsewhere
409 3543 437 3594 in
449 3543 525 3613 Livy,
534 3543 562 3595 in
575 3543 678 3596 similar
726 3561 763 3596 on
794 3543 888 3611 chaps.
921 3557 1167 3611 37-43.-quem:
1208 3544 1250 3593 tle.

148 3629 271 3689 context,
284 3621 348 3675 with
362 3623 409 3676 the
422 3641 497 3692 prep.
509 3642 544 3687 a,·
564 3622 598 3676 cf.
617 3639 638 3690 1,
652 3625 674 3686 8,
726 3630 830 3676 momm
847 3625 1015 3676 animorum.

149 3715 165 3768 7
180 3707 280 3771 patres
300 3710 370 3756 certe
387 3704 421 3755 ab
440 3704 542 3757 honore
559 3742 566 3755 .
583 3743 589 3755 .
607 3743 613 3755 .
628 3709 677 3773 ap·
762 3711 785 3755 8.
809 3705 993 3756 comitiorum:
1011 3703 1057 3756 the
1067 3703 1142 3756 word
1151 3702 1175 3755 is
1184 3702 1253 3756 used

677 3829 728 3868 101
