2914 4290
568 283 677 340 ¹soor<
701 292 749 340 ιιι
791 355 794 366 ¹
1075 293 1170 357 [cun.
1183 293 1215 358 5⁶

112 455 1263 538 emwmdmmmmfflfflummmmmmtss5

112 581 216 623 unum
240 561 348 624 habeo
372 581 471 643 quem
495 560 633 642 dignum
659 580 764 641 regno
787 561 938 624 iudicem.
987 560 1024 625 Si
1046 562 1213 624 neminem

113 664 280 740 haberem,
299 663 406 746 perire
422 673 456 727 et
475 665 641 745 exstingui
663 664 698 726 id
722 664 853 726 mallem
878 684 977 746 quam
1003 665 1123 727 Perseo
1147 684 1215 727 sce·

113 769 218 832 lestae
231 769 358 831 fraudis
371 768 554 850 praemium
568 788 650 831 esse.
700 768 908 831 Demetrium
924 767 1102 831 excitatum
1114 767 1156 831 ab
1168 769 1215 830 in·
1248 770 1265 820 6

112 872 193 935 feris
209 872 464 954 restitutumque
480 872 613 935 credam
630 871 719 947 mihi,
737 871 764 935 si
779 880 821 948 te,
836 871 892 954 qui
909 873 1005 935 morti
1018 872 1213 949 innocentis,

114 975 171 1059 qui
202 996 276 1040 meo
306 975 431 1038 infelici
454 977 557 1039 errori
587 997 673 1039 unus
700 975 924 1051 inlacrimasti,
953 976 986 1038 in
1011 976 1119 1038 locum
1142 975 1214 1039 eius

113 1079 327 1144 substitutum
358 1080 574 1163 relinquam.”
621 1079 678 1142 Ab
708 1081 772 1143 hoc
802 1095 956 1143 sermone
978 1080 1068 1144 omni
1091 1100 1214 1162 genere
1249 1100 1264 1154 7

114 1184 250 1248 honoris
281 1185 463 1266 producere
493 1204 569 1248 eum
600 1205 667 1248 non
699 1184 834 1248 destitit.
891 1185 975 1248 Cum
1006 1184 1040 1246 in
1071 1184 1214 1247 Thracia

115 1290 257 1352 Perseus
280 1288 422 1365 abesset,
439 1290 612 1352 circumire
634 1288 853 1352 Macedoniae
876 1288 975 1352 urbes
998 1288 1215 1371 principibus

114 1413 179 1476 que
192 1393 401 1475 Antigonum
415 1394 648 1457 commendare
660 1415 667 1470 ;
692 1402 725 1456 et
741 1395 769 1456 si
781 1391 848 1455 vita
861 1393 988 1474 longior
1000 1394 1212 1474 suppetisset,

114 1497 204 1559 haud
220 1497 357 1560 dubium
373 1497 446 1574 fuit,
463 1499 542 1579 quin
559 1517 634 1560 eum
651 1498 684 1558 in
702 1498 912 1578 possessione
928 1499 1023 1579 regni
1039 1496 1214 1561 relicturus

113 1601 222 1664 fuerit.
271 1601 328 1664 Ab
346 1602 559 1665 Demetriade
576 1602 746 1684 profectus
762 1601 1019 1666 Thessalonicae
1036 1601 1211 1684 plurimum
1249 1611 1265 1662 8

114 1704 273 1786 temporis
289 1716 437 1769 moratus
453 1706 572 1770 fuerat.
620 1706 704 1770 Inde
720 1726 795 1769 cum
812 1705 1044 1788 Amphipolim
1057 1705 1213 1781 venisset,

114 1809 209 1890 gravi
239 1809 355 1873 morbo
385 1819 436 1873 est
466 1809 643 1892 inplicitus.
692 1810 760 1874 Sed
791 1811 901 1873 animo
934 1819 1046 1873 tamen
1077 1829 1215 1890 aegrum
1249 1835 1265 1883 9

113 1914 221 1994 magis
245 1912 349 1976 fuisse
379 1934 479 1996 quam
510 1934 648 1996 corpore
674 1923 814 1989 constat,
843 1914 996 1997 curisque
1023 1923 1057 1978 et
1082 1913 1213 1995 vigiliis,

114 2035 190 2080 cum
214 2016 395 2080 identidem
419 2017 548 2099 species
574 2027 609 2081 et
631 2017 768 2081 umbrae
791 2018 932 2081 insontis
954 2017 1146 2099 interempti
1169 2017 1215 2080 fili

113 2121 289 2202 agitarent,
314 2140 390 2184 cum
414 2121 493 2184 diris
520 2121 717 2185 exstinctum
746 2141 819 2185 esse
847 2121 1110 2185 execrationibus
1138 2124 1215 2185 alte-

113 2223 193 2288 rius.
239 2224 367 2288 Tamen
384 2225 555 2288 admoneri
571 2225 734 2308 potuisset
754 2225 955 2308 Antigonus,
974 2227 1001 2289 si
1017 2234 1074 2288 aut
1089 2225 1216 2307 adsuis·
1236 2241 1266 2277 10

111 2338 163 2390 set
191 2338 253 2390 aut
280 2329 392 2393 statim
424 2330 536 2412 palam
565 2331 657 2393 facta
686 2322 777 2394 esset
804 2350 891 2393 mors
915 2329 1012 2412 regis.
1061 2330 1215 2392 Medicus
1236 2351 1263 2387 11

113 2431 313 2514 Calligenes
339 2432 396 2516 qui
419 2434 581 2498 curationi
608 2443 771 2515 praeerat,
797 2454 863 2498 non
887 2443 1079 2516 exspectata
1109 2442 1215 2497 morte

159 2663 184 2711 7.
210 2649 260 2699 ab:
283 2647 377 2716 astem-
408 2645 442 2701 cf.
471 2661 493 2713 1,
521 2661 543 2713 1,
566 2662 639 2711 4.-
688 2647 750 2701 best
767 2646 896 2700 takenas
913 2646 1015 2716 plural;
1035 2647 1118 2714 Iane,
1137 2660 1213 2698 1110.

111 2730 270 2796 producere:
290 2728 639 2781 teuderamo-circumire
688 2728 750 2781 The
775 2728 864 2781 words
888 2745 933 2781 are
964 2728 1028 2781 here
1058 2726 1215 2796 practically

115 2849 122 2862 .
146 2849 152 2861 .
176 2848 182 2860 .
202 2812 296 2861 urbes:
316 2825 348 2861 so
358 2808 386 2860 in
394 2823 437 2874 42,
445 2811 639 2877 37,7circum-
688 2808 818 2862 identical
836 2808 864 2859 in
884 2808 1021 2878 meaning.

112 2895 207 2942 euntes
242 2888 422 2958 Peloponnesi
449 2890 571 2958 oppida5
605 2887 639 2942 cf.
735 2905 773 2940 ιο.
795 2892 903 2941 tamen:
919 2897 967 2942 not
974 2887 1095 2957 justified
1106 2888 1143 2958 by
1152 2904 1215 2958 any-

112 2971 427 3039 42,15,4-relicturus
436 2968 519 3021 fuerit
529 2989 534 3020 ι
546 2986 592 3022 see
603 2985 639 3022 on
689 2968 771 3040 thing
783 2969 871 3022 which
891 2970 1020 3036 precedes
1031 2987 1037 3035 3
1057 2985 1074 3020 a
1086 2968 1214 3036 previous
1291 2965 1293 2968 ’

113 3064 207 3118 2,1,3
226 3049 559 3119 nequeambzgr'turquin
579 3087 586 3100 .
607 3087 612 3099 .
633 3087 639 3100 .
689 3056 837 3103 statement
861 3049 921 3102 that
946 3048 1037 3117 Philip
1062 3048 1126 3102 died
1151 3048 1215 3102 sud-

113 3131 251 3202 sacturus
262 3131 365 3200 fuerit.
690 3130 772 3200 denly
787 3147 819 3183 or
838 3130 898 3182 that
919 3129 1076 3199 Antigonus
1093 3145 1147 3182 was
1167 3127 1215 3182 ab·

159 3217 184 3261 8.
210 3213 244 3262 ab
263 3211 448 3263 Demetriade:
469 3210 510 3264 for
526 3211 573 3263 the
591 3227 640 3264 use
690 3219 753 3264 sent
771 3227 885 3279 appears
904 3217 933 3262 to
952 3209 986 3262 be
1004 3208 1137 3278 required.
1174 3211 1215 3262 As
1296 3271 1298 3280 Ι

113 3288 146 3345 of
154 3290 202 3343 the
214 3307 288 3359 prep.
302 3307 348 3345 see
361 3308 398 3345 on
414 3305 436 3357 1,
449 3304 491 3357 ²7,
504 3305 529 3355 4·
690 3309 744 3344 non
772 3330 778 3343 .
808 3331 814 3342 .
844 3331 850 3342 .
876 3293 948 3360 regis
973 3290 1000 3342 in
1027 3290 1041 3354 ξ
1069 3305 1097 3342 ιι
1125 3307 1214 3344 seems

159 3387 183 3433 ο.
207 3374 331 3423 umbrae:
356 3371 402 3424 the
422 3372 508 3439 plural
527 3371 551 3424 is
572 3370 640 3424 used
689 3371 891 3441 inappropriate
921 3371 948 3424 in
978 3371 1012 3424 its
1044 3378 1164 3437 context,
1194 3370 1214 3422 it

113 3449 142 3503 in
162 3458 258 3521 poetry
278 3451 310 3505 of
324 3468 340 3504 a
359 3451 447 3522 single
466 3469 575 3520 person,
588 3469 638 3520 ag.
690 3451 790 3509 should
802 3452 920 3520 perhaps
937 3451 971 3504 be
988 3450 1107 3504 inserted
1121 3450 1214 3504 before

114 3532 198 3601 Verg.
212 3532 283 3584 Aen.
304 3545 327 3600 5,
346 3532 396 3597 813
416 3531 575 3600 apparently
593 3547 641 3584 no·
691 3550 722 3585 or
745 3531 814 3584 after
837 3533 1140 3584 tamem-admoneri:
1173 3546 1215 3583 rc-

113 3610 205 3664 where
221 3611 277 3664 else
296 3611 323 3664 in
342 3628 432 3680 prose.
462 3614 561 3680 spectes
573 3612 640 3677 also,
690 3612 816 3675 minded3
841 3614 883 3664 tle.
902 3610 934 3664 of
956 3611 1004 3664 the
1026 3611 1095 3667 need
1117 3608 1148 3667 of
1165 3608 1215 3665 im·

114 3690 221 3768 though
241 3699 290 3748 oot
308 3708 340 3749 so
358 3691 425 3750 used
445 3690 600 3759 elsewhere,
618 3692 641 3745 is
691 3690 808 3745 mediate
830 3691 929 3746 action.

638 3815 693 3878 355
