2914 4290
235 320 284 368 ΒΚ.
293 319 377 378 XLII,
387 320 469 368 CHAP.
483 319 520 378 16,
533 319 576 384 17]
613 318 825 369 SELECTIONS
847 319 868 368 F
870 319 946 369 ROM
969 319 1053 369 LIVY

235 485 346 548 uxoris
363 485 527 566 petendae
544 493 790 566 praematuram
808 483 1056 548 festinationem
1072 485 1168 548 fratri
1185 486 1348 550 obiceret.

238 589 377 650 Romam
395 608 527 671 quoque
544 589 636 650 fama
651 588 694 651 de
711 597 817 652 morte
835 588 995 651 Eumenis
1011 589 1140 670 perlata
1155 600 1217 653 est.

205 709 215 746 ι
281 707 329 768 17.
363 692 432 756 Sub
450 691 536 754 idem
553 701 686 772 tempus
700 692 737 756 C.
749 692 903 755 Valerius
917 712 957 754 ex
973 693 1123 768 Graecia,
1138 694 1194 774 qui
1211 693 1348 775 legatus

236 795 277 858 ad
300 796 475 858 visendum
498 805 620 857 statum
646 795 791 876 regionis
814 797 885 858 eius
909 797 1180 878 speculandaque
1204 797 1348 861 consilia

238 900 348 963 Persei
369 899 457 980 regis
476 900 598 962 missus
618 908 698 974 erat,
720 899 826 974 rediit,
845 901 1129 981 congruentiaque
1150 902 1265 963 omnia
1287 901 1347 964 cri-

203 1022 219 1058 2
236 1003 380 1066 minibus
396 1003 438 1065 ab
456 1003 608 1065 Eumene
624 1003 743 1066 adlatis
760 1003 935 1066 referebat.
984 1004 1090 1068 Simul
1106 1014 1140 1067 et
1156 1004 1348 1068 adduxerat

237 1127 348 1170 secum
374 1108 479 1170 Praxo
501 1127 521 1168 a
547 1107 699 1188 DelphiS,
717 1109 811 1170 cuius
834 1108 952 1170 domus
974 1108 1223 1189 receptaculum
1245 1108 1346 1171 latro

237 1231 315 1273 num
336 1212 454 1286 fuerat,
472 1219 505 1274 et
526 1211 563 1273 L.
583 1210 773 1273 Rammium
798 1211 1045 1287 Brundisinum,
1067 1210 1124 1293 qui
1142 1211 1217 1274 talis
1239 1211 1345 1275 indici

204 1335 218 1385 3
236 1315 365 1379 delator
380 1317 460 1378 erat.
501 1315 659 1396 Princeps
678 1314 834 1377 Brundisi
854 1317 1027 1378 Rammius
1039 1315 1112 1391 fuit,
1127 1315 1344 1398 hospitioque

236 1428 270 1482 et
281 1419 383 1483 duces
398 1420 569 1481 Romanos
586 1439 702 1481 omnes
719 1428 753 1481 et
769 1419 897 1500 legatos
914 1429 1100 1482 exterarum
1117 1439 1249 1501 quoque
1263 1422 1357 1501 gen-'

202 1546 219 1593 4
237 1523 317 1586 tium
339 1523 497 1604 insignes
516 1522 695 1605 praecipue
719 1523 837 1604 regios,
856 1523 1049 1605 accipiebat.
1097 1524 1148 1585 Ex
1165 1543 1205 1587 eo
1222 1525 1344 1588 notitia

237 1626 267 1690 ei
290 1647 364 1690 cum
389 1627 526 1690 absente
552 1628 672 1690 Perseo
695 1628 823 1702 fuerat;
848 1627 1032 1710 litterisque
1056 1648 1149 1710 spem
1174 1627 1343 1692 amicitiae

237 1732 400 1794 interioris
424 1751 632 1812 magnaeque
656 1731 732 1794 inde
756 1732 910 1794 fortunae
932 1731 1142 1809 facientibus,
1160 1732 1203 1794 ad
1224 1753 1341 1815 regem

235 1836 408 1916 profectus
431 1835 522 1898 brevi
547 1835 779 1916 perfamiliaris
800 1835 914 1898 haberi
933 1835 1087 1918 trahique
1106 1837 1214 1918 magis
1237 1857 1342 1919 quam

204 1939 335 2008 svellet
357 1940 391 2001 in
415 1959 554 2002 arcanos
579 1960 749 2002 sermones
776 1949 829 2002 est
852 1951 999 2022 coeptus.
1049 1939 1222 2003 Promissis
1249 1941 1341 2004 enim

236 2043 426 2124 ingentibus
457 2044 614 2125 praemiis
645 2053 758 2125 petere
789 2044 907 2108 institit
939 2045 980 2107 ab
1012 2065 1052 2108 eo
1082 2065 1147 2120 rex,
1179 2047 1340 2127 quoniam

235 2148 336 2211 duces
349 2168 465 2211 omnes
481 2147 647 2230 legatique
662 2147 806 2212 Romani
822 2148 965 2230 hospitio
978 2148 1049 2212 eius
1066 2148 1113 2211 uti
1128 2148 1340 2226 adsuessent,

235 2252 355 2334 quibus
370 2272 484 2315 eorum
500 2254 572 2333 ipse
589 2252 776 2334 scripsisset
791 2261 828 2316 ut
839 2273 1005 2316 venenum
1022 2253 1167 2316 dandum
1185 2263 1338 2317 curaret:

202 2365 218 2414 o
235 2357 328 2418 cuius
345 2355 428 2418 scire
445 2376 481 2419 se
498 2357 771 2438 conparationem
788 2357 969 2438 plurimum
985 2356 1189 2420 difficultatis
1205 2368 1240 2420 et
1255 2360 1341 2440 peri-

235 2460 300 2522 culi
316 2460 458 2536 habere;
484 2459 634 2542 pluribus
650 2460 791 2523 consciis
808 2462 984 2542 conparari
994 2481 1001 2537 ;
1026 2470 1147 2524 eventu
1164 2470 1341 2543 praeterea

234 2565 360 2626 incerto
376 2584 460 2638 esse,
478 2572 514 2626 ut
530 2573 587 2626 aut
607 2565 688 2626 satis
709 2563 858 2627 efficacia
879 2565 921 2627 ad
943 2584 1012 2628 rem
1035 2566 1264 2646 peragendam
1281 2576 1341 2630 aut

202 2676 305 2736 7tuta
328 2667 370 2730 ad
393 2687 463 2732 rem
488 2668 662 2731 celandam
686 2669 816 2732 dentur.
865 2669 909 2733 Se
929 2669 1081 2732 daturum
1106 2669 1197 2751 quod
1218 2690 1283 2733 nec
1304 2671 1340 2733 in
1446 2755 1447 2762 ἵ

276 2837 323 2886 17.
353 2852 374 2885 2.
401 2835 468 2886 talis
490 2835 590 2887 indici:
628 2835 760 2905 referring
807 2836 929 2901 wished3
955 2835 1025 2906 subj.
1048 2835 1080 2891 of
1097 2835 1189 2891 action
1211 2837 1340 2892 conceiv-
1446 2825 1447 2893 J

121 2985 124 2989 Ι
232 2915 625 2971 forwardtotheinformation
636 2917 717 2986 given
730 2917 759 2968 in
807 2916 884 2983 able;
906 2920 1077 2987 Lane,1559.

233 2996 313 3064 §4ffi
340 2999 474 3066 princeps
494 3036 500 3048 .
524 3035 530 3048 .
552 3034 558 3046 .
577 2997 722 3065 accipiebat
735 2998 758 3050 is
852 3012 875 3060 5.
899 2999 1010 3064 quibus:
1030 2998 1085 3072 dat.
1098 2997 1162 3051 with
1174 3003 1206 3051 ut
1217 2999 1340 3053 daretur

231 3078 434 3147 parenthetical.
808 3085 837 3131 to
850 3077 885 3133 be
898 3078 1030 3147 supplied.

273 3175 296 3221 3.
324 3161 492 3210 exterarum:
517 3157 595 3211 those
621 3157 689 3211 from
711 3159 759 3212 the
852 3165 875 3210 ⁶.
898 3159 973 3210 cuius
992 3159 1059 3210 scire
1077 3197 1083 3209 .
1102 3196 1108 3209 .
1127 3195 1133 3208 .
1153 3162 1263 3224 posset:
1292 3160 1340 3215 tbe

232 3247 299 3305 east,
311 3239 372 3292 who
391 3239 480 3292 would
500 3238 636 3309 naturally
648 3239 714 3291 land
730 3247 759 3292 at
808 3239 898 3293 words
927 3239 960 3293 of
989 3241 1339 3305 Perseus-conparatio-

232 3318 415 3373 Brundisium.
808 3334 885 3372 nem:
899 3322 1011 3390 geltt'ng
1019 3319 1112 3373 rather
1121 3319 1339 3389 thanprepara-

274 3418 298 3463 4.
321 3414 354 3451 ex
377 3413 423 3452 eo:
449 3418 481 3452 as
500 3417 518 3452 a
539 3399 626 3452 result
649 3400 685 3470 of
702 3399 758 3452 this
806 3401 883 3464 tion3
897 3399 950 3453 it'is
960 3399 1073 3453 difficult
1083 3407 1112 3453 to
1122 3417 1169 3454 see
1180 3400 1242 3470 why
1253 3417 1338 3471 many
1444 3451 1445 3462 ,

230 3487 352 3546 custom3
392 3481 522 3550 referring
553 3479 698 3549 especially
729 3489 758 3534 to
810 3480 969 3550 (pluribus)
993 3488 1065 3533 must
1083 3480 1118 3533 be
1136 3481 1284 3551 cognizant
1303 3481 1337 3534 of

230 3561 330 3631 legatos
353 3600 360 3614 .
385 3599 391 3612 .
414 3599 420 3612 .
442 3563 538 3629 regz'os.
552 3591 587 3599 —
605 3560 756 3612 interioris:
807 3560 977 3615 this-ut.
999 3599 1004 3610 .
1026 3597 1032 3610 .
1053 3561 1165 3612 dentur:
1179 3561 1237 3614 ind.¹
1245 3570 1335 3630 quest.

230 3659 303 3695 more
325 3641 593 3700 intimata-,indm
619 3641 650 3692 in
670 3657 758 3693 conse·
807 3641 956 3694 somewbat
976 3641 1081 3710 loosely
1096 3641 1251 3696 connected
1271 3641 1337 3695 with

229 3721 488 3789 quana-venet:
519 3720 552 3772 lte
576 3719 663 3789 might
685 3721 758 3774 have
806 3728 905 3776 eventu
930 3760 937 3774 .
967 3759 973 3773 .
1001 3760 1008 3775 .
1038 3723 1150 3774 incerto.
1164 3753 1201 3762 —
1215 3725 1337 3778 efficacia
1443 3767 1444 3796 ;

756 3827 815 3902 360
