2914 4290
577 260 673 310 BOOK
695 261 742 308 XL
1019 319 1021 326 y
1069 260 1165 324 [Crine.
1177 273 1207 326 55

147 444 198 507 55.
232 425 350 490 Falsas
381 446 456 490 esse
478 435 513 490 et
542 446 562 488 a
592 419 700 488 scriba
730 425 862 489 vitiatas
894 427 1092 508 signumque
1118 427 1208 489 adul·
1244 455 1254 490 1

102 531 244 594 terinum
262 531 363 612 vulgo
380 531 413 593 in
430 532 522 612 regia
537 529 734 592 fremebant.
779 531 935 603 Ceterum
953 550 1028 592 cum
1050 540 1207 612 suspecta
1241 559 1257 594 2

101 637 210 716 magis
234 655 333 717 quam
358 635 537 696 manifesta
560 643 648 696 esset
672 653 734 709 res,
757 634 843 696 forte
868 635 1006 717 Xychus
1030 634 1146 697 obvius
1170 636 1207 698 fit

101 740 286 820 Antigono,
318 738 637 818 conprehensusque
672 736 715 799 ab
745 757 785 800 eo
824 737 856 798 in
890 739 1013 818 regiam
1051 749 1102 801 est
1136 759 1207 820 per-

101 843 232 905 ductus.
282 841 411 905 Relicto
441 840 694 904 eo·custodibus
728 841 921 922 Antigonus
945 842 986 904 ad
1016 843 1205 924 Philippum

102 947 272 1026 processit.
322 951 341 978 “
354 945 470 1008 Multis
480 945 497 968 ’⁹
514 945 621 1027 inquit
639 945 871 1008 “sermonibus
881 945 1081 1009 intellexisse
1092 947 1206 1011 videor
1241 971 1256 1021 3

102 1069 225 1131 magno
255 1058 288 1112 te
315 1050 576 1124 aestimaturum,
609 1048 636 1111 si
667 1048 750 1111 scire
783 1069 862 1112 vera
886 1049 998 1113 omnia
1029 1053 1137 1132 possis
1163 1052 1205 1115 de

100 1154 176 1216 filiis
208 1153 282 1228 tuis,
314 1163 387 1216 uter
425 1152 467 1215 ab
499 1161 572 1216 utro
596 1152 719 1233 petitus
744 1153 861 1217 fraude
892 1163 926 1216 et
949 1153 1075 1217 insidiis
1106 1166 1203 1218 esset.

102 1258 217 1320 Homo
255 1278 341 1320 unus
379 1258 537 1332 omnium,
569 1258 625 1338 qui
659 1257 783 1319 nodum
818 1257 916 1319 huius
950 1258 1068 1321 erroris
1102 1260 1205 1322 exsol·
1239 1281 1255 1328 4

99 1382 177 1424 vere
202 1363 316 1443 possit,
334 1361 367 1423 in
391 1370 557 1443 potestate
581 1370 638 1423 tua
661 1370 713 1424 est
736 1361 884 1445 Xychus.
933 1362 1033 1425 Forte
1057 1362 1202 1427 oblatum

100 1465 367 1548 perductumque
390 1465 423 1526 in
454 1464 590 1546 regiam,
615 1463 726 1527 vocari
749 1464 856 1527 iube.''
903 1447 1080 1528 Adductus
1097 1469 1204 1548 primo
1240 1486 1253 1539 5

99 1571 146 1632 ita
172 1589 295 1650 negare
321 1569 557 1644 inconstanter,
582 1577 619 1632 ut
644 1589 747 1650 parvo
775 1578 866 1631 metu
891 1570 1025 1632 admoto
1051 1581 1202 1651 paratum

99 1673 245 1736 indicem
270 1693 343 1736 esse
369 1673 555 1755 adpareret.
601 1673 826 1754 Conspectum
855 1675 987 1736 tortoris
1017 1675 1204 1737 verberum-

100 1797 165 1859 que
189 1798 255 1840 non
280 1777 436 1840 sustinuit
459 1777 674 1858 ordinemque
691 1797 824 1839 omnem
844 1777 1001 1840 facinoris
1019 1778 1202 1859 legatorum

100 1880 329 1963 ministerique
360 1882 410 1942 sui
441 1880 602 1961 exposuit.
650 1881 828 1962 Extemplo
860 1881 950 1943 missi
982 1881 1037 1963 qui
1076 1883 1203 1963 legatos
1237 1900 1254 1951 6

99 1985 422 2066 conprehenderent,
456 1984 646 2060 Philoclem,
679 1985 736 2066 qui
768 2004 927 2065 praesens
958 1996 1037 2060 erat,
1070 2006 1203 2067 oppres·

99 2098 234 2164 serunt;
259 2088 400 2169 Apelles
417 2089 537 2150 missus
553 2089 596 2150 ad
619 2088 802 2151 Chaeream
820 2089 988 2171 quendam
1006 2109 1203 2171 persequen-

99 2192 189 2267 dum,
206 2191 329 2255 indicio
346 2192 457 2277 Xychi
473 2192 595 2267 audito,
613 2192 647 2254 in
661 2192 792 2254 ltaliam
807 2192 942 2255 traiecit.
991 2192 1043 2256 De
1058 2194 1203 2257 Philocle
1238 2209 1253 2261 7

98 2295 183 2358 nihil
212 2296 295 2360 certi
317 2296 490 2377 vulgatum
514 2304 583 2372 est,
608 2296 662 2358 alii
685 2296 792 2377 primo
819 2296 989 2371 audaciter
1011 2307 1201 2377 negantem,
1261 2369 1263 2375 ,

97 2409 279 2482 postquam
301 2402 336 2462 in
359 2409 576 2482 conspectum
600 2400 763 2462 adductus
788 2401 830 2462 sit
854 2401 1003 2484 Xychus,
1024 2422 1092 2464 non
1116 2401 1202 2465 ultra

97 2503 291 2580 tetendisse,
315 2504 371 2566 alii
394 2513 560 2569 tormenta
580 2505 683 2568 etiam
707 2504 903 2567 infitiantem
929 2525 1122 2586 perpessum
1148 2507 1202 2568 ad·

97 2693 154 2748 this
173 2693 243 2748 limit
262 2694 295 2749 oi
311 2694 417 2749 motion
436 2695 624 2749 construction
719 2713 744 2758 3·
771 2696 953 2747 sermonibus:
974 2695 1009 2749 cf.
1023 2711 1065 2761 40,
1081 2710 1122 2765 54,
1135 2697 1161 2749 8.

97 2775 164 2827 with
186 2775 270 2845 legati
280 2776 405 2846 fucrant
426 2776 459 2829 cf.
482 2792 524 2845 39,
544 2791 586 2844 35,
608 2789 624 2841 7
720 2795 743 2838 4.
768 2777 879 2828 erroris:
903 2779 1094 2843 uncertainty;
1118 2776 1151 2831 ci.
1179 2791 1201 2843 1,

97 2856 258 2925 legatzhncm
279 2858 449 2909 Romam..
470 2859 625 2925 .suscepis·
676 2870 755 2922 24,1.
951 2867 954 2874 '

96 2942 165 2988 sent.
720 2953 744 3000 5.
771 2940 894 2990 admoto:
915 2937 1030 3007 applied
1035 2957 1044 3001 ,·
1058 2937 1090 2991 cf.
1105 2951 1147 3003 27,
1157 2952 1200 3006 43,

42 3054 45 3058 -
142 3017 192 3069 55.
232 3039 255 3071 ι.
281 3019 446 3071 vitiatas:
462 3019 625 3089 forged.-
675 3017 767 3086 3and‚
782 3019 823 3072 for
836 3019 890 3072 this
903 3036 952 3070 use
965 3017 997 3071 oi
1005 3017 1052 3070 the
1064 3017 1200 3086 ablabs,

96 3099 196 3162 vulgo:
216 3097 312 3168 giving
329 3099 375 3152 the
394 3099 456 3152 idea
469 3100 528 3151 that
542 3115 624 3167 many
675 3115 721 3151 see
734 3116 770 3150 on
784 3114 809 3166 3,
822 3113 864 3167 35,
878 3114 901 3150 2.

96 3178 623 3247 sympathizedwithDemetrius,which
719 3194 741 3242 7.
768 3182 928 3244 negantem:
947 3178 993 3231 the
1002 3195 1071 3246 pres.
1082 3187 1150 3246 part.
1161 3178 1198 3230 in·

96 3257 121 3310 is
140 3259 290 3312 somewhat
307 3259 490 3313 inconsistent
503 3258 567 3311 with
580 3273 623 3325 40,
675 3258 778 3312 dicates
795 3276 811 3311 a
830 3259 895 3312 time
910 3258 997 3311 which
1015 3258 1038 3310 is
1055 3266 1117 3326 past
1135 3259 1197 3311 with

98 3351 141 3407 54,
153 3338 171 3390 6
183 3356 257 3391 unus
269 3341 456 3409 incorruptus.
674 3339 810 3392 reference
831 3347 860 3391 to
873 3340 1033 3402 taenarium
1053 3339 1085 3391 cf.
1100 3352 1142 3404 27,
1155 3353 1197 3406 43,

142 3437 165 3471 α.
192 3415 623 3490 Xychus:Livycarelesslyneg-
674 3422 881 3486 3.-adductua
906 3422 959 3472 sit:
984 3418 1025 3472 for
1049 3418 1095 3471 the
1121 3427 1198 3472 tense

96 3500 164 3554 lects
185 3508 214 3554 to
232 3509 303 3554 state
325 3501 395 3553 what
416 3501 470 3552 had
490 3500 560 3552 been
580 3500 622 3552 his
674 3517 720 3552 see
742 3517 778 3553 on
807 3516 828 3565 1,
852 3515 872 3566 1,
895 3502 911 3553 8
933 3501 1198 3552 candabria-teten-

95 3589 157 3649 part
174 3581 202 3633 in
219 3580 266 3634 the
284 3582 426 3646 business3
446 3581 480 3635 he
494 3597 547 3632 was
565 3597 624 3649 per·
673 3583 761 3633 disse:
784 3581 930 3648 perstated.

96 3661 165 3732 haps
178 3661 226 3714 the
238 3661 327 3714 scriba
341 3661 372 3714 of
382 3663 396 3727 ξ
414 3677 435 3713 1.
717 3667 740 3711 8.
756 3662 900 3725 Philippo:
913 3661 1165 3715 forthedatseeon
1175 3675 1197 3725 1,

261 3786 401 3836 mur-23
621 3784 679 3844 353
