2966 4294
241 271 324 323 cnm.
339 272 383 338 12]
575 271 785 322 SELECl'lONS
809 274 829 320 F
831 273 908 321 ROhl
932 272 1015 323 LIVY

209 455 342 520 7quam
366 437 486 521 quibus
508 437 638 520 ignosci
661 448 783 520 posset.
833 437 990 502 Ceterum
1018 459 1119 521 quem
1143 440 1187 502 ad
1211 441 1354 505 modum

241 561 340 604 nemo
363 541 492 622 privato
515 541 654 604 consilio
677 542 719 603 ad
742 543 873 606 hostem
897 542 1069 618 transibat,
1087 542 1135 605 ita
1157 543 1241 606 nihil
1265 545 1353 607 salu-

207 655 311 711 stare
341 647 375 707 in
407 646 552 709 medium
584 645 828 709 consulebatur.
878 646 1044 709 Nobilitas
1075 667 1146 709 rem
1179 648 1352 729 publicam

240 750 456 812 deseruerant
472 769 581 831 neque
596 751 630 811 in
647 759 798 812 senatum
812 751 887 831 cogi
900 759 1072 832 poterant,
1096 750 1130 813 in
1147 752 1352 834 magistratu

239 864 311 918 erat
334 855 390 935 qui
417 873 483 916 non
506 853 567 915 sibi
591 854 751 916 honorem
774 854 960 929 adiecisset,
980 855 1039 917 sed
1062 855 1263 936 indignitate
1287 877 1352 919 sua

238 957 307 1020 vim
323 977 361 1020 ac
378 957 428 1020 ius
452 957 660 1038 magistratui
683 978 782 1040 quem
806 956 945 1038 gerebat
968 958 1188 1039 dempsisset;
1213 959 1280 1022 iam
1306 981 1351 1023 ne

205 1063 274 1132 9in
311 1061 385 1124 foro
424 1061 557 1143 quidem
589 1070 647 1123 aut
677 1061 811 1142 publico
842 1062 915 1124 loco
946 1061 1133 1144 principum
1166 1065 1348 1146 quisquam

240 1164 443 1247 adparebat;
479 1164 631 1227 domibus
661 1165 781 1227 inclusi
812 1167 940 1247 patriae
971 1186 1127 1230 occasum
1167 1187 1243 1230 cum
1284 1189 1349 1232 suo

193 1297 222 1332 ιο
239 1269 338 1332 exitio
368 1269 401 1331 in
433 1269 503 1331 dies
530 1269 769 1350 expectabant3
795 1289 925 1332 summa
948 1290 1047 1333 curae
1071 1270 1179 1334 omnis
1202 1270 1237 1334 in
1263 1273 1349 1336 Bos·

239 1383 344 1436 tarem
377 1374 657 1455 Hannonemque,
691 1374 880 1455 praefectos
913 1374 1058 1455 praesidi
1091 1375 1218 1450 Punici,
1246 1397 1349 1440 versa

192 1506 218 1543 11
239 1488 319 1554 erat,
337 1498 406 1552 suo,
425 1498 491 1540 non
514 1476 677 1540 sociorum
702 1477 848 1558 periculo
873 1478 1041 1542 sollicitos.
1091 1479 1120 1541 Ii
1143 1481 1349 1562 conscriptis

239 1583 280 1645 ad
299 1582 525 1645 Hannibalem
542 1581 659 1644 litteris
682 1602 749 1645 non
772 1581 874 1645 libere
895 1582 995 1645 modo
1017 1583 1193 1646 sedetiam
1213 1605 1347 1666 aspere,

239 1686 359 1769 quihus
382 1706 449 1749 non
473 1684 625 1766 Capuam
649 1687 754 1748 solam
778 1686 934 1748 traditam
958 1686 992 1748 in
1017 1707 1153 1749 manum
1178 1688 1345 1766 hostibus,

240 1792 298 1854 sed
320 1811 355 1854 se
377 1810 509 1873 quoque
532 1800 564 1852 et
586 1790 786 1871 praesidium
811 1792 844 1852 in
869 1792 978 1853 omnis
1002 1791 1169 1854 cruciatus
1193 1793 1347 1872 proditos

192 1922 222 1958 12
239 1894 450 1958 incusabant:
475 1894 582 1958 abisse
603 1914 678 1956 eum
697 1894 729 1955 in
748 1895 894 1957 Bruttios
910 1895 1001 1957 velut
1024 1905 1233 1958 avertentem
1259 1917 1346 1972 sese,

239 2020 282 2062 ne
298 2001 415 2080 Capua
431 1999 463 2060 in
481 1997 584 2061 oculis
601 1999 672 2060 eius
688 2007 881 2078 caperetur;
906 2008 941 2061 at
957 1998 1092 2061 hercule
1111 1999 1285 2062 Romanos
1303 2021 1348 2063 ne

239 2104 490 2187 oppugnatione
517 2103 650 2182 quidem
678 2101 768 2165 urbis
797 2103 970 2166 Romanae
996 2101 1145 2166 abstrahi
1173 2122 1193 2165 a
1224 2104 1349 2186 Capua

238 2307 394 2360 committed
409 2307 506 2359 crimes
527 2311 569 2357 too
585 2310 669 2375 great
687 2310 715 2356 to
736 2305 765 2357 be
813 2303 918 2374 though
941 2305 975 2358 he
994 2323 1056 2358 uses
1078 2305 1138 2359 also
1160 2307 1191 2358 in
1208 2305 1274 2359 with
1297 2307 1348 2361 the

237 2388 381 2458 forgiven.
418 2388 511 2454 Capua
528 2386 582 2438 had
599 2385 720 2439 revolted
735 2393 764 2437 to
812 2384 931 2439 ablative
950 2385 1007 2438 aud
1026 2387 1057 2438 in
1078 2385 1143 2438 with
1164 2386 1212 2440 the
1232 2403 1348 2440 accusa-

240 2467 381 2520 Hannihal
401 2466 427 2518 in
448 2465 507 2532 216,
526 2465 594 2519 after
613 2465 659 2518 the
679 2464 765 2518 battle
813 2464 877 2518 tive.

240 2547 271 2601 of
286 2549 413 2613 Cannae,
440 2564 485 2600 see
506 2547 547 2611 26,
570 2561 608 2614 13,
629 2545 680 2615 5f.
860 2563 898 2597 ιο.
923 2565 1031 2602 summa
1062 2565 1142 2603 curae
1171 2552 1263 2604 omnis
1283 2586 1290 2601 .
1311 2587 1347 2602 ..

285 2644 307 2691 7.
333 2647 414 2698 quern
437 2633 473 2684 ad
498 2633 607 2683 modum
628 2665 633 2676 .
654 2665 659 2676 .
680 2664 687 2676 .
705 2629 762 2682 ita:
812 2645 892 2683 versa
905 2633 979 2683 erat:
1005 2627 1050 2680 the
1062 2629 1294 2681 administratrbn
1307 2631 1347 2700 of

240 2709 282 2762 for
294 2709 341 2762 the
353 2709 429 2762 usual
443 2715 474 2760 ut
493 2747 499 2758 .
519 2747 525 2759 .
546 2746 551 2758 .
572 2710 764 2761 ita-inme-
813 2707 855 2760 all
870 2708 991 2760 business
1008 2708 1068 2760 had
1076 2709 1170 2778 fallen
1189 2713 1283 2778 aglons
1303 2709 1348 2762 for

240 2795 330 2845 dium:
344 2791 398 2860 for
409 2789 453 2841 tlte
461 2789 579 2858 general
583 2789 661 2857 good.
814 2787 869 2840 this
887 2805 936 2840 use
955 2787 988 2841 of
1001 2805 1112 2840 summa
1132 2788 1165 2842 cf.
1186 2804 1229 2854 21,
1251 2804 1274 2854 1,
1298 2805 1320 2841 1.

285 2878 308 2922 8.
334 2876 522 2927 deseruerant:
542 2868 639 2922 forthe
651 2868 765 2921 number
860 2890 897 2923 ιι.
923 2873 959 2923 ii:
992 2869 1038 2922 the
1069 2868 1203 2922 insertion
1235 2869 1269 2922 os
1296 2871 1346 2924 the

241 2969 287 3006 see
300 2969 336 3005 on
347 2966 388 3017 21,
399 2955 706 3020 27,9.-magistratu:
723 2950 763 3000 sle.
814 2957 941 3003 contents
959 2948 991 3003 of
1005 2949 1052 3002 the
1072 2950 1152 3003 letter
1170 2967 1267 3004 causes
1287 2951 1346 3004 this

242 3034 288 3086 the
299 3031 409 3103 highest
420 3031 591 3101 magistracy,
603 3031 648 3083 the
661 3030 765 3083 incum-
814 3029 889 3082 word
913 3038 942 3082 to
967 3030 1001 3083 be
1027 3029 1172 3099 forgotten‚
1191 3031 1248 3083 and
1273 3031 1295 3083 it
1321 3031 1346 3084 is

241 3113 307 3167 bent
325 3112 409 3182 being
422 3112 508 3165 called
526 3111 563 3181 by
576 3111 621 3164 the
638 3111 764 3179 Capuans
814 3109 862 3162 left
893 3109 1007 3163 without
1043 3110 1345 3178 predicate—libere:

241 3195 334 3247 medix
342 3195 449 3246 tutr'cus.
482 3193 543 3245 The
553 3209 616 3245 man
626 3191 688 3244 who
698 3191 765 3243 then
813 3190 969 3259 outspoken.
981 3221 1012 3229 —
1021 3195 1161 3247 hostibus:
1183 3191 1348 3262 depending

241 3274 305 3328 held
319 3274 365 3327 the
378 3273 464 3339 office,
478 3272 594 3342 Seppius
609 3271 731 3337 Loesius,
742 3271 765 3324 is
814 3288 888 3339 upon
904 3270 950 3323 the
963 3270 1053 3325 whole
1069 3270 1239 3339 expression,
1251 3273 1347 3324 tradi-

241 3353 384 3409 described
412 3353 441 3406 in
466 3353 508 3422 26,
533 3354 558 3420 6,
586 3368 616 3420 13
640 3350 766 3423 ff.-qui
814 3353 919 3403 tamin
938 3357 1143 3406 nannum—in
1163 3389 1169 3401 ·
1189 3390 1195 3402 ·
1216 3389 1222 3402 ·
1242 3359 1348 3409 crucia-

242 3476 248 3487 .
272 3475 277 3486 .
301 3475 307 3486 .
329 3440 475 3491 adiecisset
496 3473 502 3485 .
525 3472 531 3485 ·
554 3472 560 3484 ·
582 3437 764 3502 dempsisset:
814 3437 860 3487 tus
875 3437 1010 3501 proditos:
1031 3431 1065 3485 cl.
1079 3447 1121 3498 22,
1133 3446 1177 3498 44,
1191 3445 1215 3498 7.

241 3517 347 3570 clauses
360 3515 391 3568 of
406 3514 614 3568 characteristic.
709 3509 713 3516 '
862 3531 899 3563 ιι.
925 3518 954 3567 iu
977 3517 1076 3569 oeulis:
1103 3513 1171 3582 Livy
1195 3530 1260 3566 uses
1286 3515 1349 3568 also

286 3614 309 3659 9.
335 3601 474 3652 domibus:
495 3595 542 3648 the
559 3611 686 3648 common
702 3611 766 3648 con·
815 3599 880 3646 ante
898 3593 987 3646 oculos
1006 3593 1062 3645 and
1082 3593 1132 3646 sub
1151 3593 1235 3646 oculis·
1253 3593 1283 3646 in
1299 3595 1350 3649 the

241 3677 374 3730 struction
398 3675 462 3728 with
492 3674 601 3728 includo
631 3673 658 3727 in
690 3674 766 3744 Livy,
816 3691 891 3727 same
911 3691 1000 3727 sense.

766 3781 821 3837 282
