2966 4294
613 279 709 328 BOOK
732 279 796 326 XXI

1111 275 1208 340 [Cum.
1220 289 1250 338 41

150 445 259 520 velim,
284 444 342 508 sed
366 465 441 507 cum
464 442 693 524 indignatione
724 443 867 524 quadam
899 454 998 524 atque
1029 442 1086 518 ira,
1110 443 1201 505 velut
1226 442 1253 504 si

151 569 265 612 servos
282 549 420 611 videatis
443 557 571 610 vestros
595 568 687 608 arma
710 557 848 628 repente
871 557 988 609 contra
1010 567 1070 608 vos
1093 546 1249 608 ferentes.

153 653 262 715 Licuit
285 652 327 714 ad
352 652 493 734 Erycem
519 651 650 713 clausos
676 651 791 713 ultimo
826 651 988 730 supplicio
1020 650 1249 724 humanorum,
1273 677 1299 713 11

150 757 248 831 fame,
289 756 492 830 interficere;
534 755 624 817 licuit
662 754 829 816 victricem
862 755 1000 816 classem
1033 754 1067 815 in
1099 753 1248 816 Africam

149 859 287 922 traicere
303 869 402 940 atque
418 859 505 920 intra
522 877 644 938 paucos
661 858 731 921 dies
748 859 819 921 sine
837 857 902 920 ullo
919 857 1099 920 certamine
1116 857 1251 921 Cartha-

149 964 261 1044 ginem
285 963 416 1037 delere;
441 961 571 1024 veniam
596 961 748 1024 dedimus
773 961 994 1042 precantibus
1019 960 1187 1023 emisimus
1211 983 1250 1025 ex
1273 994 1301 1029 η

149 1066 331 1141 obsidione,
345 1086 462 1147 pacem
476 1086 550 1128 cum
567 1065 662 1128 victis
679 1066 827 1138 fecimus,
842 1066 965 1127 tutelae
982 1065 1102 1128 deinde
1118 1075 1250 1128 nostrae

150 1171 312 1245 duximus,
330 1190 405 1232 cum
423 1169 542 1232 Africo
560 1169 647 1232 bello
664 1180 870 1248 urgerentur.
928 1169 991 1232 Pro
1013 1169 1064 1231 his
1086 1169 1250 1249 inpertitis
1273 1200 1300 1248 13

149 1277 313 1338 furiosum
329 1275 482 1336 iuvenem
499 1283 677 1355 sequentes
693 1282 925 1355 oppugnatum
942 1273 1082 1354 patriam
1103 1284 1249 1336 nostram

148 1380 294 1442 veniunt.
342 1379 455 1460 Atque
486 1377 612 1439 utinam
636 1398 696 1458 pro
719 1378 838 1440 decore
861 1386 991 1439 tantum
1015 1377 1078 1440 hoc
1101 1377 1194 1439 vobis
1217 1388 1250 1440 et

148 1504 215 1546 non
234 1504 292 1564 pro
309 1484 415 1544 salute
431 1491 520 1544 esset
536 1482 722 1544 certamen!
743 1482 819 1543 Non
836 1481 877 1544 de
895 1482 1105 1562 possessione
1119 1480 1250 1545 Siciliae
1271 1515 1302 1560 14

149 1608 187 1651 ac
206 1587 387 1661 Sardiniae,
406 1586 448 1649 de
471 1585 592 1668 quibus
615 1585 783 1666 quondam
808 1585 978 1666 agebatur,
997 1585 1055 1647 sed
1075 1606 1135 1666 pro
1154 1586 1251 1648 Italia

147 1691 241 1756 vobis
265 1702 316 1754 est
340 1689 567 1772 pugnandum.
616 1688 688 1751 Nec
712 1699 763 1752 est
786 1689 868 1751 alius
892 1689 934 1751 ab
958 1697 1053 1769 tergo
1077 1691 1248 1766 exercitus
1272 1725 1299 1778 ¹5

149 1795 214 1878 qui,
231 1795 295 1858 nisi
314 1815 375 1856 nos
391 1794 562 1868 vincimus,
581 1794 668 1855 hosti
692 1793 840 1868 obsistat,
857 1813 919 1855 nec
936 1793 1043 1874 Alpes
1063 1793 1146 1856 aliae
1163 1804 1248 1869 sunt,

148 1921 231 1982 quas
247 1900 326 1961 dum
344 1908 511 1979 superant,
525 1899 699 1978 conparari
715 1918 802 1958 nova
819 1897 947 1978 possint
960 1897 1135 1978 praesidia.
1184 1899 1249 1960 Hic

149 2014 200 2066 est
216 2002 425 2076 obstandum,
443 2001 573 2076 milites,
590 2002 681 2064 velut
701 2000 728 2063 si
749 2012 826 2063 aute
848 2002 1000 2064 Romana
1019 2001 1150 2063 moenia
1170 2022 1250 2083 pug-

148 2128 275 2171 nemus.
327 2107 422 2169 Vnus
439 2105 578 2188 quisque
601 2125 635 2168 se
658 2125 724 2167 non
746 2126 866 2188 corpus
887 2126 982 2167 suum
1000 2105 1057 2168 sed
1075 2107 1248 2188 coniugem
1272 2124 1301 2172 16

196 2256 233 2289 11.
257 2238 370 2289 ultimo:
390 2241 527 2299 extremm
547 2234 580 2288 cf.
596 2250 619 2302 3,
632 2249 676 2301 47,

150 2333 165 2370 2
176 2318 231 2371 and
242 2332 283 2382 21,
294 2332 336 2382 44,
345 2332 370 2381 4.
400 2317 477 2368 With
488 2316 677 2368 lereruanorum

150 2417 189 2453 sc.
216 2398 433 2467 suppliciorum,⁸
462 2397 496 2450 cf.
526 2412 549 2466 ς,
575 2411 619 2462 41,
648 2396 673 2447 8.

150 2481 205 2534 For
218 2479 264 2531 the
278 2478 396 2548 thought
411 2477 443 2530 cf.
459 2491 500 2543 27,
513 2492 556 2542 44,
569 2478 593 2529 8.

197 2577 235 2612 12.
249 2561 372 2611 veniam:
394 2559 440 2611 the
453 2558 607 2627 asyndeton
620 2557 676 2610 and

150 2639 296 2710 especially
306 2639 351 2691 the
360 2638 557 2707 juxtaposition
571 2637 602 2691 of
611 2639 678 2691 Car-

150 2721 289 2790 thaginem
302 2719 390 2771 delere
401 2718 456 2770 and
472 2721 584 2770 veniam
602 2719 676 2770 dedi-

151 2818 213 2853 mus
231 2816 276 2852 are
296 2816 359 2868 very
378 2797 511 2852 effective.
528 2829 561 2836 -
573 2801 676 2851 tutelae

154 2921 159 2933 .
184 2920 190 2932 .
213 2921 219 2932 .
241 2882 380 2932 duximus:
401 2895 442 2931 we
454 2879 591 2946 regarded
604 2879 677 2930 them

150 2979 184 3015 as
191 2961 281 3014 under
289 2977 342 3012 our
344 2961 495 3027 protecte'on
506 2977 514 3022 ,·
528 2959 569 3012 for
577 2959 677 3011 tutelae

151 3059 198 3096 see
226 3059 260 3094 on
293 3055 314 3097 1,
339 3040 363 3102 6,
389 3054 415 3103 4.
461 3039 523 3092 The
553 3041 676 3092 Romans

150 3121 265 3175 allowed
281 3121 327 3173 the
343 3118 563 3188 Carthaginians
578 3119 676 3189 during

151 3201 199 3255 the
212 3218 266 3254 war
278 3201 342 3253 with
359 3199 429 3252 their
444 3199 632 3264 mercenaries,
648 3209 677 3251 to

151 3282 208 3351 buy
218 3280 337 3349 supplies
346 3280 402 3332 and
412 3295 481 3332 even
491 3278 573 3332 enlist
583 3288 676 3347 troops

151 3361 181 3414 in
196 3360 272 3430 ltaly,
284 3359 331 3414 but
344 3369 371 3412 at
385 3360 432 3412 the
445 3377 519 3412 same
533 3359 598 3412 time
612 3359 677 3412 took

151 3459 168 3496 a
182 3441 354 3494 treacherous
368 3440 521 3509 advantage
539 3439 570 3492 of
585 3440 675 3505 them3

151 3538 199 3575 see
212 3538 248 3574 on
262 3535 303 3586 21,
320 3535 342 3586 r,
355 3535 381 3587 3.

190 3619 228 3664 13.
253 3601 400 3652 furiosum:
421 3600 468 3652 the
481 3616 556 3652 same
569 3599 630 3653 idea
648 3617 678 3652 as

151 3685 272 3752 agilaret
296 3681 325 3733 in
351 3682 365 3747 ξ
390 3681 677 3745 8.-oppugnatum:

315 3805 454 3857 Lus—15

727 2235 795 2304 Livy
816 2235 891 2288 often
913 2252 976 2287 uses
997 2235 1043 2288 the
1068 2235 1164 2304 supine
1185 2235 1249 2288 with

726 2316 817 2384 object
829 2315 992 2378 accusative,
1002 2316 1114 2386 though,
1125 2316 1178 2369 like
1191 2316 1250 2370 Cic·

725 2413 781 2462 er0,
795 2397 828 2448 he
842 2396 942 2464 prefers
957 2397 1002 2448 the
1019 2396 1168 2467 gerundive
1186 2413 1251 2450 con·

725 2476 869 2530 struction.
1060 2527 1062 2530 .

773 2576 811 2620 14.
836 2560 920 2610 de..
942 2598 948 2610 .
969 2573 1032 2623 pro:
1059 2558 1100 2611 for
1124 2559 1171 2612 the
1196 2558 1251 2612 dis·

726 2638 843 2691 tinction
861 2638 983 2691 between
1002 2639 1079 2692 these
1095 2648 1149 2692 two
1162 2639 1250 2692 words

726 2718 760 2771 cf.
776 2721 841 2771 Tac.
856 2719 926 2787 Agr.
942 2719 976 2770 26
988 2721 1079 2771 securi
1090 2723 1146 2787 pro
1162 2719 1252 2771 salute

726 2801 759 2851 de
777 2798 869 2867 gloria
894 2801 1129 2851 certabant-de
1153 2802 1251 2865 quibus

729 2918 735 2930 .
758 2919 763 2930 .
786 2917 791 2928 .
811 2883 956 2944 agebatur:
982 2882 1069 2933 Rome
1086 2881 1140 2933 had
1153 2880 1181 2932 in
1197 2881 1251 2934 fact

726 2960 807 3012 taken
822 2960 977 3028 possession
992 2960 1023 3012 of
1038 2960 1163 3014 Sardinia
1175 2960 1251 3014 with-

726 3048 773 3092 out
797 3040 962 3108 oppositi0n‚
982 3041 1097 3094 because
1117 3041 1251 3109 Carthage

726 3137 780 3172 was
794 3128 841 3172 too
854 3120 923 3188 busy
937 3128 965 3172 to
978 3121 1078 3173 defend
1092 3121 1140 3173 her
1152 3121 1249 3191 rights

773 3215 811 3262 15·
838 3203 872 3251 ab
884 3204 975 3265 tergo:
992 3217 1037 3253 see
1047 3217 1084 3253 on
1097 3215 1118 3265 1,
1130 3215 1252 3266 242.—

726 3283 871 3346 quaedum
884 3303 907 3326 =
921 3287 959 3345 ut,
972 3281 1040 3332 dum
1058 3297 1120 3344 eas,·
1145 3281 1180 3334 cf.
1201 3280 1215 3344 ξ
1236 3282 1251 3332 8

726 3379 815 3430 quem.
825 3365 1011 3425 -superant:
1032 3360 1166 3429 pluralia
1182 3361 1252 3430 spite

727 3441 758 3494 of
773 3442 820 3494 the
837 3440 985 3510 preceding
1001 3441 1088 3504 hosti,-
1107 3458 1152 3493 see
1172 3458 1207 3494 on
1228 3457 1252 3500 2,

728 3522 769 3583 28,
783 3538 851 3590 9.-
860 3525 980 3574 Romana
994 3541 1000 3571 :
1014 3520 1119 3590 usually
1128 3521 1197 3574 after
1206 3522 1252 3573 the

729 3619 819 3666 noun,
843 3602 906 3655 here
927 3600 1018 3654 before
1038 3601 1080 3654 for
1098 3601 1251 3669 emphasis;

729 3681 763 3735 cf.
780 3685 793 3748 ξ
812 3697 851 3749 17.

678 3803 733 3862 225
