2914 4290
552 270 648 319 BOOK
671 270 815 318 XXXVIII
1094 267 1190 330 [Crrnr.
1203 280 1234 332 53

129 435 311 519 peteretis?
358 435 512 498 Nullisne
535 434 659 497 meritis
683 435 760 509 suis,
785 432 884 496 nullis
907 431 1029 496 nostris
1053 432 1233 495 honoribus
1268 462 1285 510 4

128 561 288 623 umquam
309 541 344 602 in
364 560 473 602 arcem
497 548 604 602 tutam
629 548 663 602 et
686 538 778 600 velut
803 546 953 600 sanctam
976 536 1057 600 clari
1079 536 1140 598 viri
1163 557 1234 617 per·

126 644 273 720 venient,
298 643 364 718 ubi,
389 643 416 705 si
439 663 506 706 non
530 641 737 717 venerabilis,
758 640 915 703 inviolata
939 640 1056 703 saltem
1079 649 1233 703 senectus

127 769 245 812 eorum
258 747 430 811 considat?
442 747 459 770 ”
509 747 615 809 Movit
627 755 660 808 et
672 745 842 807 decretum
859 754 893 807 et
908 744 1037 807 adiecta
1050 743 1154 807 oratio
1165 764 1233 805 non
1269 759 1282 812 5

127 861 258 916 ceteros
274 851 382 927 modo,
400 850 458 912 sed
481 850 571 931 ipsos
587 850 686 912 etiam
707 857 928 924 accusatores,
945 857 978 910 et
994 847 1232 911 deliberaturos

127 976 174 1031 se,
192 954 271 1038 quid
295 955 373 1017 iuris
390 953 441 1016 sui
456 962 489 1016 et
505 952 592 1016 offici
615 960 713 1028 esset,
730 953 891 1015 dixerunt.
939 951 1083 1016 Senatus
1102 950 1232 1026 deinde,
1268 958 1284 1006 6

127 1060 269 1123 concilio
296 1057 403 1140 plebis
434 1056 580 1132 dimisso,
605 1055 720 1119 haberi
747 1065 798 1119 est
828 1065 975 1138 coeptus.
1024 1055 1076 1117 lbi
1106 1057 1233 1137 gratiae

127 1164 284 1245 ingentes
315 1162 356 1225 ab
389 1162 542 1224 universo
573 1161 698 1235 ordine,
731 1161 910 1242 praecipue
948 1179 967 1221 a
1004 1159 1232 1222 consularibus

127 1267 391 1348 senioribusque,
409 1266 459 1328 Ti.
478 1265 630 1329 Graccho
648 1275 742 1327 actae
765 1273 853 1339 sunt,
870 1263 959 1346 quod
975 1284 1045 1327 rem
1065 1263 1232 1344 publicam

127 1371 266 1453 privatis
290 1369 513 1433 simultatibus
536 1370 699 1450 potiorem
723 1367 903 1442 habuisset,
924 1378 958 1430 et
983 1367 1100 1430 Petillii
1124 1366 1233 1430 vexati
1268 1388 1283 1441 7

127 1485 207 1539 sunt
232 1473 371 1556 probris,
396 1472 486 1555 quod
512 1472 688 1554 splendere
713 1472 822 1534 aliena
846 1471 970 1533 invidia
992 1472 1175 1535 voluissent
1199 1482 1233 1535 et

128 1580 236 1661 spolia
259 1599 299 1641 ex
322 1577 477 1640 Africani
499 1577 668 1658 triumpho
696 1585 858 1658 peterent.
906 1574 1081 1638 Silentium
1112 1576 1232 1639 deinde
1266 1587 1283 1637 8

126 1685 170 1746 de
186 1682 350 1745 Africano
366 1681 438 1742 fuit.
485 1682 598 1744 Vitam
617 1680 744 1743 Literni
763 1679 832 1761 egit
855 1679 926 1742 sine
943 1679 1105 1743 desiderio
1122 1679 1231 1756 urbis;

127 1788 325 1850 morientem
356 1805 430 1848 rure
461 1805 502 1847 eo
531 1785 605 1866 ipso
629 1785 701 1847 loco
733 1783 865 1865 sepeliri
896 1804 931 1846 se
961 1783 1096 1847 iussisse
1119 1784 1233 1848 ferunt

127 1899 448 1971 monumentumque
478 1889 523 1951 ibi
554 1888 729 1963 aedificari,
754 1909 796 1950 ne
819 1888 921 1950 funus
946 1887 1008 1949 sibi
1037 1889 1071 1949 in
1102 1887 1233 1969 ingrata

128 1994 236 2078 patria
252 1995 353 2057 fieret.
400 1993 461 2057 Vir
484 1992 715 2067 memorabilis,
733 1991 858 2054 bellicis
881 2001 992 2054 tamen
1017 2011 1116 2073 quam
1141 1991 1232 2072 pacis
1266 2013 1282 2061 9

127 2098 255 2162 artibus
288 2096 541 2161 memorabilior.
587 2095 743 2158 Nobilior
769 2097 876 2177 prima
906 2115 983 2177 pars
1014 2094 1101 2158 vitae
1131 2115 1231 2178 quam
1373 2081 1377 2086 ⁵

128 2305 193 2360 who
206 2304 275 2359 have
288 2305 438 2374 supported
452 2305 498 2358 the
511 2304 611 2376 charge
630 2302 661 2358 oi
706 2306 796 2357 tibus:
818 2304 864 2357 the
878 2303 963 2372 plural
977 2304 1000 2357 is
1014 2320 1088 2357 more
1103 2320 1232 2358 common

127 2387 178 2440 the
197 2385 408 2438 Petillii-de:
436 2385 471 2439 cl.
494 2400 536 2454 35,
560 2400 600 2451 12,
625 2399 653 2454 15
707 2385 774 2437 than
793 2385 840 2437 the
858 2384 987 2454 singular,
1001 2384 1118 2453 perhaps
1134 2401 1170 2438 on
1191 2401 1233 2438 ac-

131 2465 275 2536 praedom
292 2466 326 2518 de
340 2465 657 2534 Philippo-palmam
706 2473 790 2518 count
812 2465 843 2518 of
862 2464 908 2517 the
933 2465 995 2517 idea
1018 2464 1050 2518 of
1071 2464 1233 2535 reciprocity

128 2547 275 2613 peteretis:
296 2548 341 2598 tle.
363 2546 416 2598 win
434 2563 451 2598 a
469 2545 573 2615 victory
592 2563 657 2599 over
706 2544 832 2598 inherent
846 2545 873 2597 in
887 2545 933 2597 the
947 2545 1029 2598 word.
1105 2584 1107 2589 ·

130 2625 239 2695 Scipi0;
260 2626 306 2680 the
319 2643 395 2684 same
408 2625 471 2679 idea
483 2626 512 2678 in
526 2629 540 2694 ξ
554 2640 580 2692 7.
751 2642 774 2689 7.
800 2627 890 2678 aliena
900 2627 1021 2677 invidia:
1041 2642 1072 2679 so
1088 2625 1154 2695 Livy
1168 2643 1232 2696 says

175 2725 200 2770 4.
227 2708 375 2760 inviolata:
396 2706 602 2759 inviolateand
615 2708 657 2758 in-
706 2705 738 2758 of
753 2707 785 2758 C.
806 2705 951 2758 Terentius
965 2707 1061 2770 Varro,
1082 2722 1124 2772 22,
1144 2721 1186 2774 34,
1207 2721 1231 2773 2,
1305 2752 1316 2770 ,,

129 2787 260 2853 violable3
281 2785 315 2841 cf.
331 2802 355 2854 2,
372 2801 394 2853 1,
407 2801 424 2851 4
437 2787 492 2839 and
505 2803 553 2840 see
564 2804 601 2840 on
614 2801 657 2852 24,
706 2786 740 2839 ab
756 2787 789 2853 Q.
801 2786 874 2838 Fodi
880 2786 975 2854 opibus
987 2792 1013 2838 et
1025 2787 1169 2839 dictatorio
1181 2789 1233 2839 inr-

130 2883 174 2937 34,
195 2884 213 2937 9
234 2870 340 2920 intacti.
378 2867 421 2920 ef.
448 2883 473 2933 2,
498 2881 523 2933 7,
547 2884 657 2936 9nnm-
701 2867 1232 2936 perinconcussoolienoinvidiosplen-

129 2963 251 3018 qnomne
262 2961 325 3017 ergo
338 2948 396 3000 ulla
409 2948 476 3000 adeo
493 2948 568 3000 vobis
585 2950 658 3015 spec·
706 2947 823 2998 dentem.
832 2949 979 3011 -spoliaz
996 2947 1030 3000 cf.
1044 2946 1084 3015 §3
1093 2948 1231 3016 palmam.

129 3033 192 3080 tato
223 3030 317 3080 vz'rtus
349 3029 409 3091 erit,
444 3033 476 3080 nt
506 3021 659 3096 suspicione
706 3026 887 3079 -Africaniz
923 3027 1058 3097 objective
1094 3045 1172 3098 gen.;
1216 3045 1233 3080 a

130 3108 236 3161 violari
247 3109 385 3176 nequeat?
707 3106 825 3175 triumph
848 3124 914 3160 over
935 3107 1095 3171 Africanus;
1127 3107 1162 3161 cf.
1189 3123 1231 3176 33,

174 3203 199 3251 s.
226 3189 291 3253 quid
306 3227 312 3239 .
330 3227 336 3244 .
354 3227 360 3240 .
375 3190 461 3240 esset:
493 3187 570 3241 what
598 3203 659 3240 was
707 3201 749 3254 37,
778 3201 809 3238 10
834 3188 968 3240 Botorum
992 3188 1133 3256 trz'unqolzz'
1156 3190 1232 3255 spem

130 3268 205 3321 their
217 3267 293 3338 right
305 3269 367 3321 ond
375 3268 449 3321 their
462 3269 538 3336 duty.
707 3266 818 3336 collegae
829 3267 949 3336 reliquit¹
1239 3275 1241 3279 '

176 3355 201 3400 6.
228 3350 340 3401 concilio
362 3387 369 3400 .
392 3387 398 3400 .
421 3387 428 3401 .
450 3350 578 3401 dimisso:
611 3347 658 3400 the
752 3355 777 3398 8.
804 3349 947 3400 silentium
958 3347 1028 3410 fuit:
1049 3350 1091 3401 in.
1109 3348 1155 3401 the
1168 3364 1233 3402 case

132 3428 254 3499 meeting
274 3446 328 3482 was
348 3437 397 3482 not
416 3428 522 3499 strictly
540 3445 557 3481 a
574 3429 659 3480 conci·
708 3445 763 3480 was
773 3428 1133 3497 dropped—morientem:
1151 3427 1233 3497 prob·

130 3510 201 3561 lium
209 3509 305 3577 plebis,
319 3509 367 3562 but
385 3527 402 3562 a
419 3512 513 3575 comto,
527 3508 574 3562 the
584 3507 658 3560 third
707 3508 772 3577 ably
791 3508 819 3559 in
847 3508 1002 3575 183.—e0:
1029 3517 1145 3563 connect
1167 3508 1232 3560 with

131 3589 162 3642 of
201 3589 247 3641 the
284 3589 391 3659 regular
426 3589 660 3643 sessione—est
707 3587 929 3640 loco-ferunt:
949 3606 996 3642 see
1009 3606 1046 3644 on
1059 3590 1101 3658 38,
1115 3603 1157 3658 50,
1171 3602 1195 3656 5.

131 3672 258 3734 coeptus:
273 3685 320 3722 see
331 3685 366 3723 on
380 3684 404 3735 2,
421 3683 441 3736 1,
455 3670 660 3733 4.-simulto·
752 3685 778 3731 9.
804 3670 988 3720 memorabilis
1011 3707 1018 3722 .
1042 3707 1049 3721 .
1075 3708 1080 3721 .
1104 3681 1234 3720 memora·

657 3792 714 3850 343
