2914 4290
220 312 303 378 carr».
316 311 361 377 31]
553 309 764 361 satscrrous
788 310 885 359 rnou
910 307 993 360 ttvt

188 501 203 550 3
222 488 354 560 praeter
369 498 410 541 ea
426 497 511 559 quae
527 479 591 539 iam
605 477 733 557 pridem
751 477 784 537 in
798 485 912 539 nostra
924 484 1088 558 potestate
1100 487 1189 540 sunt.
1232 475 1328 540 Cete-

222 602 295 644 rum
311 591 348 644 ut
364 580 423 645 tibi
438 601 537 643 curae
553 590 604 643 est
620 581 744 643 sentire
760 581 849 643 cives
865 589 949 655 tuos,
963 589 1089 661 quanto
1102 600 1162 662 per
1177 589 1212 642 te
1225 600 1330 642 onere

194 684 202 698 ⁹
222 687 381 760 leventur,
399 684 446 748 sic
463 684 544 746 mihi
563 682 782 747 laborandum
799 694 860 758 est,
878 703 929 758 ne,
951 679 1014 768 [si]
1034 703 1120 765 quae
1137 694 1219 747 tunc
1236 685 1330 764 pepi-

223 799 354 872 gerunt,
380 788 478 852 hodie
506 786 677 850 subtracta
703 807 744 850 ex
771 786 1021 850 condicionibus
1052 787 1145 868 pacis
1176 789 1330 869 praemia

189 914 206 959 4
224 893 380 975 perfidiae
396 890 551 954 habeant.
601 890 745 972 Indigni,
763 890 884 972 quibus
899 891 1015 954 eadem
1033 899 1147 973 pateat
1162 891 1328 966 condici0‚

223 999 323 1060 etiam
347 1006 384 1059 ut
407 997 510 1078 prosit
532 994 627 1058 vobis
650 995 743 1057 fraus
768 994 889 1076 petitis.
941 994 1062 1076 Neque
1085 1004 1198 1077 patres
1222 995 1331 1058 nostri

226 1101 351 1182 priores
370 1100 411 1163 de
428 1099 548 1174 Sicilia,
566 1118 675 1181 neque
694 1118 755 1162 nos
774 1099 816 1161 de
837 1097 1004 1180 Hispania
1022 1097 1163 1161 fecimus
1181 1097 1329 1175 bellum;

225 1215 258 1268 et
271 1214 350 1267 tunc
365 1202 638 1266 Mamertinorum
653 1203 818 1265 sociorum
832 1201 1016 1284 periculum
1030 1211 1063 1265 et
1078 1221 1168 1265 nunc
1182 1200 1330 1283 Sagunti

193 1321 206 1373 5
225 1308 386 1371 excidium
404 1306 499 1370 nobis
516 1306 571 1387 pia
586 1325 624 1369 ac
641 1305 728 1368 iusta
743 1305 923 1369 induerunt
941 1326 1033 1368 arma
1043 1327 1051 1382 ;
1074 1326 1135 1368 vos
1151 1306 1329 1369 lacessisse

225 1422 258 1476 et
274 1423 309 1474 tu
326 1412 397 1492 ipse
413 1411 530 1474 fateris
545 1419 578 1472 et
594 1409 648 1473 dei
663 1419 766 1473 testes
783 1419 868 1483 sunt,
882 1409 940 1492 qui
955 1419 990 1473 et
1003 1410 1092 1472 illius
1107 1409 1186 1473 belli
1201 1409 1329 1472 exitum

226 1516 408 1578 secundum
435 1516 486 1576 ius
511 1515 630 1596 fasque
655 1513 819 1577 dederunt
843 1523 877 1576 et
901 1514 999 1576 huius
1024 1514 1105 1576 dant
1129 1523 1162 1576 et
1187 1514 1328 1577 dabunt.

192 1625 208 1672 6
227 1619 325 1701 Quod
342 1618 384 1680 ad
401 1638 454 1680 me
470 1617 595 1690 attinet,
610 1627 644 1680 et
660 1617 826 1680 humanae
841 1617 1042 1680 infirmitatis
1058 1616 1194 1680 memini
1209 1627 1245 1680 et
1260 1620 1329 1700 vim

227 1724 380 1786 fortunae
407 1731 525 1804 reputo
553 1731 586 1784 et
613 1721 733 1797 omnia,
758 1742 988 1804 quaecumque
1012 1723 1151 1803 agimus,
1176 1721 1330 1786 subiecta

194 1846 207 1897 7
226 1846 299 1890 esse
316 1826 405 1888 mille
421 1825 553 1889 casibus
569 1825 657 1900 sci0;
681 1835 839 1902 ceterum,
856 1846 955 1908 quem
972 1826 1014 1888 ad
1031 1826 1165 1888 modum
1182 1825 1331 1907 superbe

226 1941 260 1992 et
282 1930 443 1992 violenter
467 1949 520 1992 me
542 1930 666 1992 faterer
687 1931 808 2005 facere,
833 1931 870 2004 si,
895 1931 1089 2013 priusquam
1114 1930 1148 1991 in
1172 1929 1330 1993 Africam

226 2034 438 2110 traiecissem,
456 2042 489 2096 te
504 2043 562 2096 tua
578 2033 748 2096 voluntate
768 2034 942 2097 cedentem
964 2033 1062 2096 Italia
1077 2043 1111 2098 et
1126 2033 1274 2116 inposito
1293 2037 1329 2098 in

225 2179 431 2248 que'nquemilea
444 2178 750 2249 talentum,alibiquin·
835 2197 860 2242 4.
887 2184 995 2250 indigni
1023 2219 1029 2231 .
1059 2219 1066 2232 .
1096 2219 1102 2232 .
1125 2184 1243 2250 petitis:
1270 2197 1330 2248 you

226 2276 278 2329 que
307 2260 385 2311 milia
413 2259 507 2328 pondo
539 2261 656 2328 argenti,
684 2259 753 2311 alibi
799 2259 860 2311 colzo
872 2259 1328 2324 donotdeservethesameterms,

226 2340 329 2409 duplex
349 2340 517 2408 stipendium
544 2340 676 2392 militibus
699 2342 751 2391 eut·
799 2340 919 2408 actually
937 2344 1027 2410 expect
1045 2357 1120 2410 your
1140 2341 1283 2410 treachery
1301 2347 1328 2394 to

221 2424 353 2489 peratum
374 2421 707 2472 invento-subtrahas:
734 2436 751 2472 a
799 2420 947 2490 bringyou
965 2422 1134 2474 balteronis.
1171 2422 1291 2474 condicio
1304 2422 1328 2474 is

226 2500 336 2553 relative
350 2501 439 2553 causal
454 2500 553 2553 clause.
799 2499 846 2554 the
863 2501 950 2555 whole
969 2509 1169 2572 arrangement,
1185 2501 1329 2572 including

270 2597 294 2642 3.
321 2595 398 2632 curae
411 2583 468 2632 est:
484 2580 630 2633 elsewhere
641 2580 667 2632 in
682 2579 750 2650 Livy
798 2581 834 2633 all
855 2582 902 2634 the
925 2583 1091 2634 condiciones
1111 2581 1273 2635 mentioned
1299 2581 1328 2634 in

226 2661 290 2713 with
312 2678 329 2713 a
348 2659 519 2714 substantive
541 2678 570 2713 as
593 2660 699 2730 subject
719 2678 751 2714 or
801 2663 1024 2728 §a—priores:
1045 2679 1085 2716 sc.
1099 2662 1157 2715 also
1174 2661 1239 2715 with
1259 2680 1327 2728 nos,-

226 2740 290 2794 with
303 2758 320 2794 a
331 2741 489 2809 dependent
503 2746 534 2794 at
546 2758 577 2794 or
593 2758 627 2794 ue
642 2741 748 2808 clause;
799 2744 844 2794 ie.
862 2741 969 2796 neither
987 2741 1035 2795 did
1053 2759 1103 2796 our
1120 2742 1223 2796 fathers
1241 2741 1328 2813 begin

224 2838 275 2891 ag.
296 2837 320 2887 2,
340 2836 381 2887 24,
400 2836 432 2885 43
456 2822 503 2875 the
522 2839 569 2875 use
588 2821 619 2875 of
638 2821 684 2875 the
703 2823 750 2876 de·
799 2822 846 2876 the
866 2822 924 2875 first
945 2839 1007 2889 war,
1021 2839 1072 2876 nor
1087 2840 1128 2876 we
1146 2822 1201 2876 this
1219 2819 1334 2876 one.-'

225 2902 346 2971 pendent
377 2901 425 2954 inf.
453 2902 476 2955 is
507 2901 592 2955 found
624 2902 652 2954 in
683 2902 751 2956 la'ter
798 2903 846 2967 piu
858 2916 889 2954 ac
901 2904 989 2955 iusta:
1012 2920 1058 2956 see
1071 2920 1107 2956 on
1120 2919 1146 2972 9,
1162 2918 1184 2969 1,
1200 2917 1240 2954 10.

226 2983 568 3047 writers—pepigerunt:
589 2981 681 3051 Scipio
696 2983 750 3036 had
844 2997 869 3046 5.
894 2985 927 3034 tu
939 2983 999 3048 ipse
1014 2982 1128 3035 fateris:
1148 3001 1195 3037 see
1217 2999 1260 3052 30,
1282 2999 1327 3053 30,

226 3062 372 3131 stipulated
393 3062 461 3128 that,
487 3061 509 3113 if
530 3063 596 3133 they
620 3063 750 3130 accepted
799 3079 841 3131 30.

226 3143 268 3196 his
294 3152 384 3209 terms,
411 3142 474 3211 they
500 3143 600 3196 should
632 3144 710 3196 make
734 3160 750 3195 a
843 3149 868 3195 6.
895 3145 1030 3196 humanae
1053 3143 1224 3197 infirmitatis
1252 3182 1258 3196 .
1284 3184 1291 3197 .
1319 3185 1326 3198 .

225 3233 299 3278 truce
317 3223 372 3276 and
391 3224 459 3276 send
475 3239 578 3292 envoys
597 3232 626 3276 to
644 3226 748 3290 Rome,
799 3224 869 3275 scio:
884 3223 1015 3294 referring
1024 3231 1054 3277 to
1064 3239 1159 3292 30„30,
1172 3225 1269 3293 19and
1280 3240 1325 3278 21.

226 3303 279 3356 this
292 3304 357 3373 they
369 3304 424 3356 had
439 3304 520 3368 done,
533 3303 582 3357 but
595 3303 641 3357 the
656 3316 750 3357 nature
844 3319 868 3366 7.
895 3303 1004 3371 faterer,
1052 3317 1236 3370 aspernarer:
1279 3306 1328 3360 the

225 3384 279 3436 and
292 3385 411 3438 conduct
427 3382 458 3436 of
474 3383 521 3436 the
540 3384 668 3452 embassy
681 3401 750 3437 were
799 3384 918 3455 thought
937 3383 960 3435 is
979 3382 1125 3452 presented
1144 3383 1246 3454 vividly
1262 3403 1293 3438 as
1312 3404 1328 3439 a

225 3465 291 3518 such
312 3465 372 3517 that
394 3464 414 3516 it
437 3480 491 3516 was
516 3463 674 3533 summarily
695 3464 751 3517 dis·
800 3472 1008 3518 non-occurrent
1032 3462 1176 3518 condition
1197 3464 1227 3517 in
1251 3483 1328 3534 pres-

225 3544 326 3598 missed
346 3545 381 3614 by
396 3545 443 3598 the
462 3553 565 3598 senate.
605 3545 667 3598 The
685 3546 751 3598 Car·
799 3544 1087 3609 enttime.—ipsum:
1102 3543 1217 3598 liketua
1227 3547 1327 3599 volien-

224 3625 381 3695 thaginians
406 3625 469 3678 thus
494 3625 595 3694 gained
620 3624 667 3677 the
685 3625 750 3678 time
798 3631 862 3689 tate,
881 3626 917 3695 ῳ(
926 3641 1000 3693 your
1017 3642 1079 3677 own
1099 3626 1199 3678 accord
1204 3644 1213 3689 ‚·
1235 3643 1266 3678 as
1286 3644 1327 3680 we

224 3706 328 3758 needed
339 3706 380 3759 for
392 3705 438 3757 the
452 3712 543 3757 return
554 3704 585 3757 of
595 3704 747 3758 Hannibal.
799 3721 848 3773 say
861 3704 1042 3773 colloquially,
1055 3705 1167 3774 ‹efoue's
1178 3705 1239 3778 sels.

745 3812 802 3882 326
