2976 4302
640 285 735 334 BOOK
759 286 798 334 IX
1126 285 1225 352 [Cane.
1240 287 1269 336 18

165 447 254 528 quod
279 447 436 510 levissimi
459 469 498 511 ex
522 449 668 524 Graecis,
693 451 749 530 qui
775 450 971 512 Parthorum
995 471 1126 534 quoque
1154 463 1269 515 contra

164 570 288 613 nomen
307 552 495 614 Romanum
513 553 638 633 gloriae
655 553 779 628 favent,
794 553 944 645 dictitare
962 556 1077 630 solent,
1096 575 1138 617 ne
1155 557 1268 618 maies-

164 664 267 717 tatem
305 657 447 718 nominis
478 656 671 730 Alexandri,
704 677 801 739 quem
834 677 877 720 ne
908 658 998 719 lama
1032 659 1165 740 quidem
1204 659 1268 721 illis

164 768 280 821 notum
301 758 442 822 arbitror
465 761 578 835 fuisse,
597 762 760 823 sustinere
784 781 851 822 non
875 763 1020 841 potuerit
1043 763 1187 843 populus
1205 763 1268 825 Ro·

164 882 293 936 manuS,
311 872 344 925 et
360 862 519 925 adversus
536 883 634 945 quem
651 863 804 939 Athenis
823 863 856 925 in
878 864 1011 927 civitate
1033 866 1140 928 fracta
1159 867 1269 929 Mace·
1303 890 1318 942 7

164 966 288 1028 donum
327 966 435 1042 armiS,
467 977 642 1030 cernentes
679 977 749 1030 tum
788 969 929 1031 maxime
962 989 1067 1050 prope
1099 970 1268 1033 fumantes

164 1070 357 1133 Thebarum
383 1073 495 1134 ruinas
519 1071 705 1134 contionari
731 1071 832 1134 libere
860 1073 931 1134 ausi
958 1072 1025 1134 sint
1050 1072 1210 1148 homines,
1235 1074 1267 1135 id

164 1174 254 1256 quod
271 1193 310 1237 ex
327 1177 550 1238 monumentis
566 1177 751 1238 orationum
768 1185 869 1256 patet,
887 1177 1045 1238 adversus
1070 1197 1145 1239 eum
1168 1197 1267 1240 nemo

164 1298 206 1341 ex
227 1287 278 1341 tot
301 1279 493 1358 proceribus
511 1279 671 1342 Romanis
687 1300 802 1342 vocem
820 1279 954 1342 liberam
973 1280 1132 1343 missurus
1149 1281 1265 1344 fuerit!

210 1381 427 1463 Quantalibet
443 1383 637 1464 magnitudo
654 1383 796 1446 hominis
813 1383 1019 1464 concipiatur
1036 1386 1155 1459 animo,
1170 1385 1267 1448 unius
1302 1402 1318 1452 8

165 1496 278 1548 tamen
291 1506 330 1549 ea
343 1487 536 1567 magnitudo
550 1487 692 1550 hominis
706 1489 776 1562 erit,
789 1488 939 1550 conlecta
952 1489 1052 1569 paulo
1065 1490 1140 1569 plus
1151 1489 1267 1553 decem

166 1610 327 1654 annorum
353 1591 529 1667 felicitate;
554 1612 653 1673 quam
677 1593 733 1673 qui
757 1613 797 1655 eo
820 1592 990 1667 extollunt,
1012 1594 1100 1674 quod
1124 1594 1267 1674 populus
1302 1630 1317 1677 9

168 1696 350 1771 Romanus,
367 1696 429 1758 etsi
446 1695 536 1758 nullo
552 1695 649 1770 bello,
668 1695 778 1758 multis
796 1705 907 1758 tamen
928 1696 1061 1777 proeliis
1085 1698 1191 1760 victus
1216 1699 1265 1771 sit,

166 1799 359 1862 Alexandro
376 1799 497 1862 nullius
515 1821 648 1880 pugnae
667 1821 731 1863 non
749 1800 895 1866 secunda
915 1801 1049 1862 fortuna
1073 1801 1182 1876 fuerit,
1200 1823 1266 1865 non

166 1903 365 1985 intellegunt
396 1924 431 1966 se
463 1905 605 1967 hominis
637 1925 689 1967 res
720 1914 841 1985 gestas,
870 1915 904 1968 et
930 1907 1000 1968 eius
1027 1907 1164 1981 iuvenis,
1192 1927 1266 1969 cum

166 2008 280 2090 populi
303 2009 368 2070 iam
392 2007 704 2089 octingentesimum
735 2009 889 2072 bellantis
921 2029 1044 2071 annum
1072 2009 1170 2072 rebus
1194 2030 1268 2072 con·

165 2113 262 2174 ferre.
312 2113 481 2186 Miremur,
500 2111 536 2185 si,
555 2132 629 2174 cum
646 2133 685 2174 ex
702 2113 765 2174 hac
785 2121 878 2193 parte
896 2113 1027 2174 saecula
1044 2114 1140 2193 plura
1156 2133 1268 2174 nume·
1289 2133 1319 2168 10

165 2227 279 2280 rentur
298 2237 397 2299 quam
421 2238 461 2278 ex
484 2217 540 2279 illa
559 2219 647 2292 anni,
665 2217 740 2297 plus
763 2217 794 2278 in
820 2227 888 2279 tam
913 2218 1013 2299 longo
1037 2217 1143 2297 spatio
1168 2237 1266 2298 quam

164 2321 198 2383 in
215 2331 324 2384 aetate
347 2321 506 2384 tredecim
530 2341 693 2384 annorum
718 2321 852 2384 fortuna
875 2320 1071 2384 variaverit?
1118 2320 1208 2402 Quin
1232 2330 1268 2382 tu
1289 2341 1314 2377 11

163 2485 356 2536 —leviesimi:
389 2483 430 2536 for
460 2482 550 2552 Livy's
580 2483 690 2553 general
740 2484 838 2552 vzbz‘rtg
861 2485 956 2552 capies.
969 2484 1140 2534 —missurus
1168 2481 1265 2534 fuerit:

165 2565 290 2618 estimate
303 2565 334 2618 os
343 2565 389 2617 the
403 2563 518 2630 Greeks,
532 2563 565 2617 cf.
582 2565 606 2628 8,
620 2579 662 2628 22,
675 2565 691 2617 8
740 2561 793 2616 like
808 2566 933 2631 potuerit
950 2562 977 2614 in
995 2563 1008 2626 ἓ
1026 2563 1058 2628 6;
1078 2580 1124 2615 see
1137 2579 1173 2616 on
1187 2579 1212 2631 9,
1228 2576 1267 2627 17,

164 2663 181 2696 a
198 2647 319 2708 Graecis,
327 2651 407 2714 gente
416 2645 512 2712 lingua
523 2647 611 2713 magra
623 2651 692 2697 stre·
741 2658 756 2694 2
762 2644 994 2712 feturusfuerit.

165 2743 223 2778 naa
241 2743 325 2795 quam
338 2725 557 2794 factis—illis:
578 2725 624 2778 the
638 2727 692 2778 Ro·
785 2731 809 2774 8.
836 2725 1007 2788 quantalibet
1029 2763 1034 2775 .
1059 2763 1065 2775 .
1088 2763 1094 2774 .
1116 2724 1265 2776 felicitate:

164 2822 252 2858 mans.
285 2806 346 2859 The
356 2806 430 2869 truth
442 2805 472 2858 os
479 2805 533 2858 this
543 2813 691 2858 statement
739 2803 882 2856 whatever
899 2805 960 2856 idea
973 2805 1008 2874 af
1020 2804 1267 2873 theman'sgreat-

164 2887 187 2939 is
207 2904 271 2956 very
291 2885 605 2951 doubtful—potuerit:
633 2903 692 2954 rep·
740 2901 801 2936 ness
824 2901 866 2936 we
889 2901 954 2952 may
970 2885 1060 2954 sarm,
1079 2886 1101 2935 it
1122 2884 1182 2936 still
1202 2883 1264 2958 will

165 2967 304 3037 resenting
324 2969 424 3036 patuit,
446 2968 492 3019 the
513 2965 642 3035 apodosis
664 2965 695 3018 of
737 2969 834 3032 'preve
852 2971 879 3016 to
897 2965 926 3017 be
944 2965 988 3016 tlte
1005 2970 1151 3034 greatness
1169 2965 1205 3034 of
1219 2980 1269 3016 ane

164 3064 180 3099 a
211 3055 421 3101 non-occurrent
455 3054 516 3115 past
549 3045 690 3099 condition
741 3063 816 3109 man,
829 3046 912 3097 based
928 3049 1002 3112 upon
1020 3045 1065 3097 tlte
1082 3061 1184 3096 success
1202 3045 1238 3114 es
1250 3061 1268 3096 a

167 3129 264 3198 (Lane,
278 3129 372 3196 2103),
386 3127 432 3180 the
450 3126 520 3195 subj.
536 3125 620 3196 being
638 3127 691 3178 due
740 3124 809 3178 little
821 3142 895 3178 more
907 3126 977 3177 than
990 3133 1034 3177 ten
1042 3142 1136 3193 years.

163 3217 193 3262 to
206 3209 252 3262 the
265 3208 319 3262 fact
332 3208 392 3261 that
405 3207 452 3260 the
467 3207 557 3260 clause
568 3205 690 3275 depends
784 3223 809 3267 9·
836 3207 1107 3270 octingentesimum:
1137 3207 1179 3258 zie.
1206 3221 1268 3259 now

162 3307 236 3358 upon
250 3289 407 3358 periculum
424 3294 494 3340 erat.
740 3283 768 3336 in
791 3285 826 3338 its
848 3285 943 3355 eighth
962 3294 1075 3355 century
1094 3285 1124 3338 of
1137 3285 1266 3349 'warfare;

208 3386 232 3433 7.
259 3384 356 3436 prope:
383 3369 444 3423 best
468 3367 551 3420 taken
575 3366 689 3436 locally;
740 3365 774 3418 cf.
790 3367 885 3436 Praef.
899 3381 925 3430 4.

161 3450 228 3503 close
246 3451 495 3519 by.-Thebarum
514 3449 621 3499 ruinas:
643 3447 690 3500 the
786 3467 825 3500 ιο.
862 3450 984 3499 saecula:
1019 3448 1203 3515 generations,
1234 3444 1265 3499 of

163 3530 218 3601 city
236 3549 291 3584 was
310 3529 456 3600 destroyed
478 3529 514 3598 by
533 3528 691 3581 Alexander
740 3524 913 3596 thirty-three
928 3528 1197 3596 years-tredecim
1218 3542 1266 3578 an·

162 3611 191 3663 in
204 3613 456 3680 335.-homines:
477 3608 689 3673 Demosthenes,
740 3621 847 3660 norum:
872 3606 940 3660 from
958 3606 1000 3659 his
1017 3607 1157 3660 accession
1176 3615 1204 3660 to
1222 3607 1269 3660 the

163 3693 310 3763 Lycurgus,
320 3700 372 3746 etc.
381 3690 617 3742 -monumentisz
630 3705 690 3740 sur·
740 3688 838 3742 throne
852 3685 880 3738 in
893 3686 945 3755 336
958 3696 986 3740 to
999 3686 1042 3739 his
1056 3687 1137 3740 death
1152 3687 1180 3738 in
1194 3703 1254 3756 323.

689 3795 743 3866 189
