2976 4302
239 281 321 330 culp.
333 295 373 342 49,
386 281 431 345 50]
573 279 783 328 sanncnous
808 279 906 328 anon
930 278 1012 326 Lrvr

207 474 221 526 7
239 446 481 526 trepidaverat;
499 455 652 508 senatum
666 454 834 526 postremo
846 443 959 507 vocari
970 443 1075 506 iussit.
1116 445 1166 507 Ea
1178 464 1241 519 reS,
1254 443 1345 526 quod

239 569 382 630 magnae
410 549 497 630 parti
520 559 651 630 patrum
673 549 848 629 displicere
871 559 946 611 acta
969 549 1233 611 decemvirorum
1255 549 1344 611 vide-

239 653 369 732 bantur,
384 673 443 734 spe
462 673 521 734 per
537 663 688 714 senatum
706 653 871 715 finiendae
888 651 1064 733 potestatis
1080 652 1151 714 eius
1165 652 1345 714 multitudi-

206 767 221 816 8
240 778 317 820 nem
341 759 477 820 sedavit.
527 757 670 820 Senatus
693 776 755 818 nec
779 755 911 837 plebem
935 756 1135 818 inritandam
1156 756 1287 819 censuit
1309 767 1344 819 et

239 863 344 924 multo
372 862 477 941 magis
505 861 757 941 providendum,
780 879 822 922 ne
847 859 926 942 quid
953 861 1093 941 Vergini
1121 860 1284 922 adventus
1310 860 1343 921 in

239 966 384 1029 exercitu
402 974 510 1026 motus
526 965 661 1027 faceret.

209 1097 219 1133 r
284 1087 331 1148 50.
367 1070 485 1150 Itaque
502 1068 594 1130 missi
616 1070 761 1132 iuniores
778 1078 908 1150 patrum
925 1068 959 1130 in
976 1078 1093 1144 castra,
1111 1088 1197 1151 quae
1215 1077 1286 1130 tum
1309 1068 1344 1130 in

241 1184 352 1236 monte
369 1172 497 1236 Vecilio
519 1182 622 1247 erant,
641 1173 797 1235 nuntiant
818 1172 1024 1247 decemviris,
1041 1182 1078 1234 ut
1101 1172 1191 1234 omni
1215 1191 1278 1253 ope
1300 1173 1344 1235 ab

208 1310 222 1345 2
242 1278 403 1341 seditione
416 1278 537 1339 milites
554 1277 755 1338 contineant.
797 1276 848 1338 Ibi
864 1277 1043 1356 Verginius
1061 1275 1228 1351 maiorem,
1241 1295 1342 1356 quam

208 1411 222 1460 3
241 1382 420 1462 reliquerat
435 1381 468 1442 in
486 1380 574 1455 urbe,
590 1389 716 1441 motum
729 1381 856 1442 excivit.
899 1381 987 1442 Nam
1004 1390 1236 1462 praeterquam
1252 1381 1345 1462 quod

241 1484 373 1565 agmine
391 1504 495 1566 prope
516 1484 836 1565 quadringentorum
861 1483 1032 1546 hominum
1054 1484 1199 1559 veniens,
1218 1484 1274 1565 qui
1300 1484 1344 1546 ab

241 1589 321 1651 urbe
346 1588 544 1668 indignitate
569 1589 616 1651 rei
643 1588 776 1650 accensi
800 1590 938 1651 comites
963 1588 994 1650 ei
1016 1609 1051 1650 se
1072 1589 1242 1663 dederant,
1268 1608 1344 1651 con-

241 1702 377 1773 spectus
392 1701 453 1766 est,
471 1692 622 1754 strictum
639 1692 739 1754 etiam
756 1693 858 1753 telum
876 1712 1118 1776 respersusque
1136 1693 1208 1774 ipse
1225 1712 1343 1755 cruore

240 1806 310 1858 tota
326 1797 358 1856 in
376 1816 411 1858 se
427 1806 536 1858 castra
552 1797 724 1859 convertit.
769 1797 813 1858 Et
828 1806 928 1878 togae
944 1796 1157 1859 multifariam
1174 1799 1207 1859 in
1224 1798 1343 1860 castris

240 1901 330 1962 visae
346 1899 478 1962 maioris
494 1900 663 1981 aliquanto
676 1920 775 1981 quam
789 1911 859 1962 erat
876 1901 1021 1982 speciem
1035 1901 1182 1964 urbanae
1199 1902 1345 1964 multitu-

206 2026 222 2072 4
240 2005 326 2066 dinis
339 2005 498 2066 fecerant.
546 2003 793 2085 Quaerentibus
805 2004 883 2085 quid
896 2004 942 2067 rei
954 2014 1051 2079 esset,
1063 2005 1146 2067 flens
1157 2006 1213 2066 diu
1225 2025 1344 2068 vocem

241 2128 307 2170 non
329 2107 435 2181 misit;
459 2096 605 2181 tandem,
624 2117 659 2170 ut
682 2109 747 2170 iam
768 2128 809 2170 ex
831 2109 1054 2190 trepidatione
1073 2110 1344 2171 concurrentium

239 2212 336 2274 turba
359 2211 508 2273 constitit
531 2231 569 2273 ac
597 2211 764 2274 silentium
789 2212 861 2287 luit,
887 2212 1002 2274 ordine
1026 2222 1154 2288 cuncta,
1180 2221 1216 2284 ut
1246 2223 1345 2294 gesta

206 2335 219 2388 5
239 2326 343 2391 erant,
361 2317 524 2396 exposuit.
572 2315 717 2395 Supinas
734 2315 854 2377 deinde
876 2317 1019 2379 tendens
1040 2336 1168 2392 manus,
1186 2317 1346 2380 commili-

239 2431 334 2483 tones
356 2420 531 2501 appellans
552 2419 677 2494 orabat,
696 2439 746 2494 ne,
765 2420 854 2501 quod
878 2421 987 2482 scelus
1007 2421 1073 2502 Ap.
1101 2421 1219 2484 Claudi
1242 2431 1343 2498 esset,

238 2655 275 2691 on
288 2653 310 2704 1,
323 2651 348 2704 7,
361 2653 370 2688 1
383 2638 616 2690 consalutaverat.
625 2639 765 2688 —adsen
860 2658 883 2690 2.
909 2654 991 2704 quam
1000 2640 1160 2704 reliquerat:
1175 2639 1351 2710 brachylogys

237 2719 343 2770 tiendo:
364 2735 410 2771 see
423 2735 460 2770 on
476 2733 497 2784 1,
512 2732 535 2786 ς,
549 2718 566 2770 6
577 2720 764 2786 conparando.
816 2720 857 2772 lor
868 2737 953 2789 quam
964 2723 989 2772 is
1000 2728 1062 2773 erat
1073 2738 1153 2790 quam
1165 2721 1323 2789 reliquerat.

281 2806 307 2851 8.
333 2800 551 2850 nec...et=at
569 2816 624 2851 rian
722 2805 763 2862 et‚·
859 2822 884 2866 3·
910 2802 1035 2865 agmine:
1056 2801 1158 2854 ablof
1170 2801 1345 2868 accompani-

238 2879 272 2934 ef.
290 2895 312 2945 1,
325 2895 349 2944 4,
362 2895 388 2944 4·
815 2889 906 2947 ment3
927 2881 969 2934 for
985 2899 1002 2934 a
1020 2880 1145 2934 different
1163 2898 1211 2934 use
1229 2880 1264 2933 cf.
1279 2879 1295 2944 ξ
1312 2896 1345 2949 13

274 2962 322 3011 50.
352 2977 373 3011 1.
401 2961 535 3011 iuniores:
569 2959 603 3013 cf.
632 2975 656 3026 2,
681 2976 723 3027 30,
748 2975 765 3024 4
815 2961 871 3013 and
889 2978 935 3014 see
953 2979 989 3014 on
1017 2977 1039 3028 1,
1058 2962 1083 3028 6,
1103 2963 1344 3025 2.-eonspectus

152 3029 155 3036 ¹
238 3041 389 3094 sartoribus
413 3042 687 3108 patrum-monte
714 3042 762 3091 Ve-
815 3044 871 3096 est:
891 3043 1030 3094 attracted
1039 3045 1191 3106 attentatam
1210 3041 1243 3095 cf.
1261 3057 1303 3108 21,
1317 3057 1345 3107 4,

238 3123 314 3172 cilio:
335 3121 381 3174 the
390 3120 508 3174 location
518 3121 541 3174 is
551 3122 690 3174 unknown
700 3140 706 3188 3
720 3138 764 3174 ac·
815 3121 830 3172 8
840 3138 923 3173 arma
930 3126 1011 3189 atque
1019 3123 1084 3189 aqui
1090 3121 1325 3189 conspiciebantur
1335 3141 1345 3184 ‚-

238 3202 352 3272 cording
365 3210 394 3254 to
414 3201 496 3254 Dion.
519 3202 581 3254 Hal.
604 3216 643 3268 11,
656 3215 690 3266 4ο
709 3202 763 3253 and
813 3215 856 3269 45,
886 3215 910 3266 7,
940 3201 1158 3269 3.—strictum,
1187 3213 1342 3264 respersus:

238 3283 321 3336 Diod.
339 3297 378 3342 12,
393 3297 426 3346 24
439 3283 486 3335 the
499 3299 574 3350 army
587 3298 641 3334 was
654 3281 709 3334 still
727 3298 763 3333 on
815 3281 893 3334 these
906 3298 951 3334 are
970 3280 1016 3334 the
1029 3280 1166 3349 emphatic
1179 3280 1284 3347 words;
1306 3281 1342 3334 cf.

237 3365 289 3416 Mt.
311 3362 436 3432 Algidus,
455 3363 510 3414 and
535 3361 589 3414 this
615 3378 675 3430 may
695 3362 763 3414 have
814 3377 838 3429 3,
851 3363 894 3428 48,
907 3377 925 3431 9
940 3366 1058 3431 ereptae.

237 3443 306 3496 been
325 3459 341 3494 a
359 3450 418 3510 part
437 3442 468 3495 ol
489 3443 548 3495 that
570 3442 763 3495 mountain—
857 3461 882 3505 4.
909 3443 1115 3506 quaerentibus:
1136 3459 1181 3495 see
1190 3458 1227 3495 ou
1241 3456 1265 3508 2,
1275 3456 1317 3510 23,
1328 3456 1343 3511 ς

236 3523 409 3575 decemviris:
443 3523 494 3574 five
525 3522 556 3575 of
582 3523 629 3574 the
657 3523 763 3575 decem·
813 3523 1018 3576 sciscitantibus.

236 3605 290 3658 virs
325 3620 394 3656 were
427 3602 543 3673 fighting
576 3602 685 3676 against
717 3602 763 3655 the
858 3619 881 3666 5.
906 3605 1032 3668 supinas:
1054 3602 1119 3655 with
1133 3602 1181 3656 the
1196 3602 1284 3672 palms
1298 3620 1347 3672 up

236 3685 383 3754 Aequians.
814 3685 886 3737 ward
899 3684 927 3736 in
941 3684 986 3737 the
999 3683 1114 3737 attitude
1127 3682 1158 3736 of
1172 3699 1285 3752 prayer3
1307 3683 1345 3737 cf.

768 3791 806 3865 98
