2966 4294
580 316 673 364 BOOK
697 315 783 363 XXVI
1090 312 1187 377 [Cum.
1201 327 1231 377 13

128 504 198 559 eos,
214 484 269 565 qui
285 482 326 546 de
342 482 461 563 legatis
477 490 511 544 et
527 482 569 544 de
583 500 664 562 pace
681 501 719 542 ac
736 479 903 542 deditione
920 480 1105 561 loquantur,
1120 478 1231 542 memi-

59 569 62 574 ’
128 588 219 650 nisse
242 607 304 649 nec
335 585 414 667 quid
441 585 561 648 facturi
589 583 722 659 fuerint,
751 583 779 645 si
808 584 977 646 Romanos
1004 585 1036 645 in
1066 592 1230 664 potestate

129 690 335 765 habuissent,
361 709 422 752 nec
447 689 526 770 quid
552 688 633 769 ipsis
657 687 850 769 patiendum
875 689 926 751 sit.
974 693 993 719 “
1007 687 1114 769 Quid!
1142 688 1228 750 vos”
1264 709 1282 756 4

129 795 237 876 inquit
262 800 364 856 “eam
392 792 595 856 deditionem
623 793 695 855 fore
721 792 873 867 censetis,
899 813 966 873 qua
992 791 1170 873 quondam,
1195 801 1232 854 ut

130 898 290 960 adversus
315 898 482 961 Samnites
506 896 663 959 auxilium
687 898 950 977 impetraremus
969 917 1028 958 nos
1052 906 1230 978 nostraque

129 1002 241 1064 omnia
260 1001 419 1064 Romanis
436 1000 646 1064 dedidimus?
690 1001 764 1074 ¹larn
784 1021 802 1063 e
823 998 980 1063 memoria
999 1001 1147 1076 excessit,
1165 1020 1231 1081 quo
1267 1012 1280 1066 5

130 1113 281 1187 tempore
302 1107 384 1168 etin
401 1126 466 1187 qua
488 1105 622 1168 fortuna
638 1125 658 1167 a
674 1105 799 1186 populo
818 1106 970 1167 Romano
986 1104 1231 1167 defecerimus?

131 1209 206 1295 iarn,
225 1230 323 1291 quem
344 1210 387 1272 ad
410 1209 545 1272 modum
569 1209 602 1271 in
627 1208 816 1272 deiectione
840 1209 1050 1290 praesidium,
1068 1209 1156 1290 quod
1176 1228 1231 1289 po

130 1323 217 1378 terat
236 1314 351 1389 emitti,
369 1334 429 1394 per
447 1315 628 1375 cruciatum
648 1322 682 1375 et
703 1313 744 1374 ad
766 1307 1000 1376 contumeliam
1021 1313 1230 1376 necarimus?

131 1419 285 1499 quotiens
317 1417 350 1478 in
378 1416 560 1479 obsidentis
587 1436 686 1498 quarn
714 1408 850 1480 ¹inimice
880 1417 1096 1498 eruperimus,
1122 1427 1231 1480 castra
1265 1429 1282 1478 6

131 1522 405 1602 oppugnarimus
432 1520 659 1583 Hannibalern
675 1523 903 1584 vocaverimus
927 1521 968 1583 ad
993 1521 1231 1602 opprimendos

130 1627 211 1689 eos?
250 1627 312 1689 hoc
351 1625 439 1707 quod
481 1625 744 1688 recentissimum
788 1635 847 1700 est,
887 1625 929 1687 ad
968 1625 1230 1707 oppugnandam

130 1731 270 1793 Romam
296 1729 372 1791 hinc
399 1749 475 1791 eum
499 1728 707 1791 miserimus?
753 1729 830 1810 Age
858 1739 983 1804 contra,
1007 1750 1093 1810 quae
1115 1730 1163 1792 illi
1185 1730 1231 1792 in·
1266 1757 1281 1810 7

130 1835 218 1897 feste
230 1835 263 1895 in
276 1854 338 1896 nos
350 1833 492 1896 fecerint
504 1833 653 1914 repetite,
668 1844 704 1896 ut
719 1853 810 1896 exeo
824 1832 902 1915 quid
915 1833 1055 1914 speretis
1069 1834 1229 1898 habeatis

131 1939 214 2003 Cum
240 1938 345 2000 hostis
368 1936 554 2019 alienigena
578 1936 612 1999 in
633 1938 730 2000 Italia
751 1947 847 2013 esset,
865 1948 898 2001 et
921 1937 1094 2000 Hannibal
1115 1938 1229 2015 hostiS,

130 2052 164 2105 et
194 2051 314 2105 cuncta
340 2039 622 2117 bello'arderent,
651 2042 782 2105 omissis
812 2041 975 2118 omnibus,
1003 2043 1126 2106 omisso
1156 2042 1230 2126 ipso

130 2290 172 2345 25,
198 2281 485 2345 11.—interrogatus:
512 2291 611 2345 rogare
632 2274 655 2328 is
704 2280 853 2346 occupatos,
859 2279 969 2345 partim
977 2278 1106 2346 privatis
1118 2279 1230 2347 negotiis
1286 2255 1291 2263 ¹

130 2373 206 2409 more
226 2357 301 2409 usual
323 2356 351 2408 in
371 2356 426 2410 this
446 2356 619 2411 connection.
705 2358 850 2425 inplicitos,
859 2357 936 2425 plebs
948 2360 1157 2426 repenteomm's
1169 2375 1230 2410 con·

174 2454 197 2499 3·
222 2441 323 2493 facturi
352 2441 471 2494 tuerint:
503 2446 655 2505 represent-

130 2517 179 2588 ing
184 2518 443 2588 faclurz'fiterunt;
456 2534 503 2570 see
512 2534 549 2569 on
560 2532 584 2583 2,
599 2532 618 2578 1,
631 2533 654 2584 3.

175 2615 198 2660 4.
223 2616 284 2652 eam
300 2622 323 2644 =
341 2597 653 2653 talem—dedidimus:

129 2695 176 2731 see
190 2691 213 2744 7,
227 2694 268 2745 30,
286 2677 354 2744 17ff.

174 2773 198 2821 5·
223 2777 274 2828 quo
296 2766 433 2828 tempore:
465 2758 496 2812 cf.
523 2773 547 2824 2,
573 2773 613 2826 23,
640 2773 653 2827 5

129 2840 226 2907 iniquo
244 2857 292 2891 suo
306 2844 434 2909 refrepare.
443 2871 476 2878 -
485 2844 584 2909 inqua
602 2843 656 2895 for·

130 2926 212 2975 tuna:
233 2936 270 2973 sc.
286 2920 390 2988 populi
410 2922 549 2983 Romam'3
575 2920 656 2973 refer-

131 2999 193 3068 ring
214 2999 241 3051 in
264 3000 374 3069 general
398 3008 426 3052 to
447 3001 494 3052 the
516 3017 570 3052 war
591 2999 655 3053 with

133 3079 282 3143 Hannibal,
295 3080 350 3132 and
370 3080 542 3150 particularly
560 3089 588 3133 to
607 3081 655 3134 the

130 3167 224 3212 recent
254 3159 343 3213 defeat
376 3168 403 3212 at
436 3162 556 3214 Cannae.
593 3160 655 3214 The

130 3256 205 3307 prep.
219 3239 242 3292 is
258 3240 344 3310 rarely
357 3241 424 3293 used
444 3240 472 3292 in
490 3241 602 3309 phrases
620 3240 652 3294 of

130 3318 186 3371 this
204 3328 276 3385 sort,
298 3320 345 3373 but
364 3319 396 3373 cf.
415 3322 456 3388 38,
471 3335 512 3389 50,
533 3336 542 3373 1
562 3322 654 3374 dimit-

129 3400 203 3451 titur
218 3407 330 3452 senalus
346 3402 376 3453 in
393 3417 424 3453 ea
443 3403 655 3470 capitulana-in

130 3482 302 3536 detectione.
322 3518 328 3531 .
347 3519 353 3531 .
371 3486 523 3538 necarimus
533 3502 538 3534 :
550 3499 597 3536 see
612 3483 654 3548 26,

133 3573 173 3625 12,
195 3561 227 3625 63
260 3576 302 3628 23,
325 3573 349 3626 7,
371 3577 386 3630 3
413 3580 480 3614 nam
500 3564 654 3632 praefectos

129 3641 230 3692 sacram
259 3643 380 3714 civisque
408 3644 547 3695 Romanos
576 3644 654 3709 alios,

132 3721 243 3788 partim
269 3721 363 3790 aliquo
392 3723 508 3775 militiae
543 3740 656 3776 munere

708 2438 858 2506 prehensos
880 2438 955 2490 velut
983 2440 1119 2490 custodiae
1144 2455 1229 2491 causa

704 2519 807 2570 balneis
826 2519 933 2570 includi
950 2521 1038 2585 iussit,
1053 2520 1100 2571 ubi
1111 2520 1230 2590 feram

704 2605 787 2668 atque
801 2605 877 2651 aestu
892 2601 989 2651 antina
1005 2599 1153 2652 mterrlusa
1166 2600 1229 2670 foe·

704 2679 772 2730 dum
787 2682 816 2731 in
833 2681 942 2732 modum
958 2683 1132 2748 eapirarunt.
1167 2679 1228 2732 The

705 2759 814 2812 murder
829 2759 860 2813 of
875 2760 921 2813 the
939 2762 1047 2813 Roman
1063 2759 1187 2830 garrison
1205 2759 1228 2813 is

705 2839 865 2893 mentioned
877 2839 957 2910 again
971 2839 999 2893 in
1012 2855 1054 2908 31,
1068 2855 1109 2908 31,
1127 2855 1164 2892 12.

749 2926 773 2970 6.
798 2921 921 2985 quotiens
945 2960 950 2971 .
977 2959 984 2972 .
1012 2959 1017 2971 .
1042 2921 1225 2984 eruperimus:

705 3009 759 3053 two
783 3000 898 3055 indirect
922 3001 1064 3070 questions
1091 3018 1136 3054 are
1163 3001 1228 3054 here

705 3081 961 3138 combined—hoc:
983 3098 1064 3146 nom,
1078 3080 1228 3151 subjectos

705 3177 718 3212 e
745 3164 875 3215 memoria
904 3164 1022 3226 excessit,
1049 3161 1229 3231 anticipating

704 3241 751 3294 the
786 3252 850 3296 next
882 3242 1016 3311 question,
1045 3243 1107 3294 with
1139 3240 1228 3295 which

704 3339 788 3390 quam
809 3325 917 3376 inimice
941 3331 1013 3375 must
1038 3322 1072 3376 be
1094 3322 1227 3392 supplied.

749 3419 772 3466 7·
796 3421 863 3473 age:
893 3421 938 3456 see
967 3420 1003 3455 on
1033 3418 1057 3467 2,
1080 3418 1121 3472 29,
1147 3417 1229 3454 11.-

703 3489 835 3552 repetite:
863 3501 900 3537 sc.
925 3486 1066 3549 memorio,
1092 3481 1178 3536 which
1205 3482 1228 3535 is

704 3565 793 3634 rarcly
814 3564 927 3618 omitted
954 3563 1033 3616 when
1053 3562 1100 3616 the
1120 3562 1185 3616 verb
1205 3561 1229 3615 is

704 3643 771 3696 used
791 3645 819 3696 in
838 3644 893 3698 this
910 3646 1080 3697 sense—ut
1101 3683 1106 3695 .
1127 3681 1132 3694 .
1154 3681 1160 3693 .
1181 3646 1229 3695 ha·

704 3730 809 3783 beatis:
822 3724 884 3780 that
897 3741 954 3794 you
974 3739 1038 3792 may
1056 3723 1128 3776 have
1146 3738 1229 3775 some-

654 3831 709 3905 285
