2966 4294
654 278 749 328 BOOK
773 277 812 327 IX
1141 279 1238 347 [cuae.
1254 295 1284 346 19

179 445 212 508 in
227 445 310 508 Asia
322 454 491 526 gestorum
510 444 552 508 ab
569 444 631 507 hoc
648 445 721 525 ipso
738 445 856 508 iuvene
874 465 949 507 cum
966 466 1026 508 sua
1043 447 1280 511 conferentem.

180 549 344 630 Equidem
361 569 436 610 cum
454 569 513 629 per
529 567 635 610 annos
658 557 815 629 quattuor
837 559 871 612 et
893 550 1011 629 viginti
1035 551 1140 631 primo
1158 552 1281 614 Punico
1303 574 1332 609 12

178 652 265 715 bello
282 652 443 715 classibus
465 661 626 715 certatum
643 654 718 713 cuin
737 653 856 714 Poenis
879 654 1043 728 recordor,
1061 655 1114 716 vix
1138 664 1280 738 aetatem

178 755 361 819 Alexandri
391 755 608 818 suffecturam
640 756 743 818 tuisse
775 776 847 818 reor
877 756 920 817 ad
948 777 1050 818 unum
1081 757 1222 834 bellum;
1248 770 1281 822 et
1303 784 1332 834 13

178 861 329 935 forsitan,
347 880 421 922 cum
437 870 470 922 et
487 859 678 922 foederibus
700 859 839 922 vetustis
863 860 975 922 iuncta
999 881 1051 923 res
1077 860 1200 924 Punica
1219 864 1281 926 Ro-

178 984 296 1026 manae
312 973 400 1026 esset
416 973 449 1026 et
464 963 562 1027 timor
575 984 635 1044 par
648 964 807 1026 adversus
824 983 1033 1027 communem
1052 965 1181 1028 hostem
1198 967 1281 1029 duas

178 1066 424 1150 potentissimas
448 1069 548 1130 armis
572 1068 717 1149 virisque
741 1067 830 1129 urbis
857 1077 1009 1143 armaret,
1035 1068 1132 1131 simul
1158 1069 1281 1133 Punico

180 1173 397 1253 Romanoque
420 1171 557 1234 obrutus
580 1171 667 1234 bello
691 1181 787 1234 esset.
836 1172 914 1234 Non
938 1171 1070 1254 quidem
1088 1155 1280 1236 Alexandro
1302 1194 1331 1242 14

178 1277 262 1338 duce
288 1294 351 1338 nec
375 1277 514 1357 integris
544 1275 767 1338 Macedonum
795 1275 902 1350 rebus,
928 1276 987 1339 sed
1014 1277 1141 1358 experti
1168 1286 1279 1340 tamen

177 1390 255 1442 sunt
287 1379 430 1442 Romani
463 1380 682 1443 Macedonem
714 1381 843 1443 hostem
871 1380 1032 1443 adversus
1061 1381 1278 1457 Antiochum,

179 1483 377 1564 Philippum,
396 1484 518 1546 Persen
536 1504 602 1546 non
622 1484 720 1546 modo
744 1504 819 1546 cum
844 1484 938 1546 clade
962 1484 1038 1559 ulla,
1055 1484 1115 1547 sed
1139 1503 1181 1547 ne
1204 1505 1279 1548 cum

177 1586 325 1668 periculo
341 1588 474 1670 quidem
491 1608 559 1651 suo.
608 1587 709 1651 Absit
732 1587 856 1650 invidia
880 1587 981 1651 verbo
1004 1598 1039 1651 et
1062 1589 1170 1652 civilia
1192 1588 1280 1652 bella
1301 1610 1328 1663 ις

177 1691 313 1754 sileant:
342 1687 541 1774 [numquam
565 1692 607 1755 ab
631 1691 742 1774 equite
767 1690 879 1776 hoste]
907 1713 1090 1774 numquam
1113 1713 1133 1756 a
1157 1694 1277 1772 pedite,

176 1814 359 1878 numquam
379 1806 495 1878 aperta
515 1797 595 1870 acie,
612 1816 794 1878 numquam
819 1795 942 1877 aequis,
961 1796 1074 1878 utique
1098 1817 1279 1879 numquam

177 1900 299 1962 nostris
315 1899 394 1962 locis
413 1899 654 1976 laboravimus;
680 1901 835 1982 equitem,
861 1901 1009 1981 sagittas,
1028 1901 1131 1963 saltus
1155 1900 1280 1983 inpedi-
1301 1906 1330 1954 16

178 2074 309 2138 Romans,
328 2072 382 2125 and
404 2071 468 2126 died
493 2072 568 2126 there
590 2072 618 2125 in
640 2088 701 2141 327.
753 2071 861 2144 against
874 2073 962 2126 whom
977 2073 1023 2126 the
1041 2075 1165 2127 Romans
1184 2073 1280 2144 fought

176 2153 247 2206 Gell.
275 2167 314 2219 17,
336 2168 378 2218 21,
400 2169 433 2222 33
458 2171 519 2206 eum
543 2154 702 2218 Molossum,
753 2153 781 2205 in
794 2153 841 2206 the
855 2154 927 2206 First
939 2154 995 2206 and
1009 2154 1118 2207 Second
1132 2154 1280 2207 Macedon-

176 2250 237 2285 cum
258 2235 288 2285 in
308 2233 422 2286 Italiam
442 2236 585 2295 transiret,
604 2235 704 2286 dixisse
752 2233 798 2286 ian
811 2234 1061 2303 Wars(214-2o5;
1088 2234 1280 2303 eoo-196).—

176 2315 327 2382 accepiruus
344 2315 491 2383 sequidem
510 2315 551 2367 ad
565 2317 704 2366 Romanas
752 2317 865 2365 Persen:
887 2331 938 2367 son
951 2313 983 2366 of
999 2313 1095 2381 Philip,
1108 2312 1233 2366 defeated
1252 2321 1280 2366 at

177 2395 219 2446 ire
234 2395 319 2462 quasi
335 2395 365 2445 in
385 2394 560 2460 andronitin,
577 2395 704 2446 Macedo·
752 2394 799 2447 the
818 2394 902 2447 battle
916 2393 947 2447 of
962 2394 1059 2463 Pydna
1071 2394 1100 2445 in
1115 2393 1172 2446 168.
1182 2409 1280 2447 -non

177 2491 239 2526 ueni
260 2474 301 2526 ad
316 2475 416 2526 Persas
435 2477 518 2543 quasi
531 2476 561 2527 iu
570 2490 704 2541 gynaeco-
752 2477 845 2527 modo:
866 2491 911 2527 see
925 2491 961 2528 on
975 2489 999 2538 2,
1013 2489 1054 2541 23,
1071 2487 1112 2538 14.

177 2555 379 2607 natta—aua:
406 2572 444 2608 sc.
466 2561 555 2620 sorte,-
579 2557 622 2608 i.e.
641 2571 703 2607 cum
799 2569 838 2617 15.
864 2556 937 2607 absit
959 2593 965 2605 .
989 2593 995 2605 .
1019 2593 1024 2606 .
1046 2558 1142 2607 verbo:
1159 2572 1222 2623 raray
1236 2573 1280 2624 my

176 2640 248 2686 sorte
259 2652 374 2686 suorum
386 2635 526 2688 bellorum.
751 2636 845 2688 words
866 2637 947 2687 ercr'te
968 2651 1003 2686 no
1025 2652 1103 2703 euvy,
1122 2636 1166 2687 ie.
1186 2634 1214 2687 in
1234 2635 1280 2688 the

222 2732 261 2780 13.
288 2715 455 2768 foederibus:
476 2715 522 2768 the
540 2715 598 2768 first
617 2724 704 2785 treaty
753 2716 844 2768 minds
857 2715 888 2768 of
902 2716 949 2768 the
961 2715 1047 2784 gods;
1068 2714 1102 2768 ci.
1119 2715 1278 2785 5,21,14s.

177 2795 242 2848 with
256 2795 303 2849 the
317 2794 526 2866 Carthaginians
544 2796 704 2849 mentioned
753 2796 857 2848 dicitur
876 2813 977 2848 ritanus
998 2797 1039 2848 ad
1059 2795 1163 2848 caelum
1186 2796 1281 2849 tollens

178 2875 214 2946 by
225 2875 291 2946 Livy
304 2893 358 2929 was
372 2876 451 2929 made
465 2875 494 2928 in
506 2891 567 2946 349.
607 2876 701 2946 Polyb.
748 2879 880 2944 precatus
904 2892 966 2941 esse,
989 2882 1027 2939 ut,
1048 2878 1075 2928 si
1097 2878 1144 2928 cui
1169 2877 1281 2928 deorsam

178 2972 203 3024 3,
216 2972 249 3008 22
268 2955 345 3027 gives
367 2974 420 3010 one
442 2956 474 3010 os
490 2957 537 3010 the
559 2975 623 3026 year
645 2972 703 3026 509,
753 2956 946 3025 horru‘numque
970 2957 1058 3008 natura
1082 2974 1135 3009 sua
1157 2957 1280 3027 fortuna

178 3036 227 3090 but
250 3036 293 3090 his
318 3044 466 3090 statement
487 3037 510 3091 is
533 3037 705 3091 doubted—
750 3037 899 3107 populique
924 3039 1046 3089 Roueani
1068 3039 1219 3101 videretur,
1251 3042 1282 3088 ut

177 3132 220 3168 res
236 3119 353 3170 Punica:
377 3117 409 3171 ci.
427 3133 448 3184 1,
461 3134 486 3186 3,
502 3133 511 3170 1
531 3135 576 3171 res
588 3119 703 3171 Latina.
753 3135 814 3170 eam
827 3119 967 3171 invidiam
975 3118 1062 3170 lenire
1071 3135 1156 3187 quam
1166 3119 1281 3169 ruiuimo

224 3214 263 3261 14.
292 3200 470 3252 Antiochum:
509 3198 538 3251 in
574 3200 622 3253 the
651 3215 707 3252 war
753 3216 803 3251 suo
818 3199 1111 3267 privatazireommodo
1125 3197 1282 3267 publicaque

178 3277 285 3348 against
307 3279 468 3345 Antiochus,
487 3279 555 3349 king
575 3279 607 3333 os
629 3279 706 3350 Syria
757 3278 859 3349 populi
872 3280 996 3331 Rouaaui
1012 3276 1279 3331 liceret—sileant:

181 3359 398 3429 (192—189),the
410 3359 706 3413 Macedoniansthem·
754 3361 796 3411 ie.
812 3360 848 3412 let
868 3359 942 3411 them
962 3376 1010 3428 say
1030 3358 1148 3428 nothing
1170 3366 1198 3411 to
1220 3374 1283 3411 con-

178 3438 266 3492 selves
285 3439 382 3510 fought
394 3456 432 3493 on
450 3439 497 3492 the
518 3441 624 3493 Roman
638 3440 705 3505 side,
755 3447 857 3492 trovert
881 3457 927 3508 my
951 3447 1113 3503 statement3
1143 3439 1181 3491 let
1206 3439 1282 3491 thern

178 3518 227 3572 but
250 3519 404 3574 Antiochus
428 3520 497 3573 used
523 3520 706 3574 Macedonian
756 3527 804 3573 not
817 3519 851 3573 be
865 3519 947 3572 taken
960 3519 1019 3572 into
1029 3526 1282 3573 account—num·

178 3599 281 3665 tactics,
302 3599 448 3670 especially
461 3608 489 3652 at
509 3601 555 3654 the
574 3601 660 3654 battle
679 3600 710 3654 of
756 3615 838 3666 quam
856 3639 862 3651 .
883 3637 888 3650 .
910 3638 916 3651 .
936 3601 1133 3652 laboravimus:
1164 3616 1232 3652 even
1258 3598 1281 3650 ii

179 3679 556 3750 Magnesia-Philippum:
572 3680 662 3750 Philip
671 3682 705 3744 V,
756 3697 909 3750 numquam
930 3718 936 3731 .
959 3719 965 3732 .
988 3719 994 3732 .
1015 3679 1123 3733 testeis
1136 3677 1281 3734 bracketed

705 3803 758 3864 195
