2976 4302
646 295 740 345 BOOK
764 295 815 345 VII
1140 295 1236 362 [Curta.
1249 311 1276 359 31

180 468 316 525 senatus
346 461 482 524 consul:
522 460 685 523 “Auxilio
716 481 784 536 vos,
815 462 987 543 Campani,
1016 463 1136 544 dignos
1166 473 1281 525 censet
1315 479 1331 516 2

181 573 334 640 senatus3
359 566 418 627 sed
442 566 488 626 ita
511 564 682 626 vobiscum
706 565 882 627 amicitiam
909 567 1037 629 institui
1063 587 1123 648 par
1149 575 1209 641 est,
1238 586 1280 629 ne

180 689 246 752 qua
264 669 425 731 vetustior
449 667 592 730 amicitia
615 688 653 730 ae
678 669 817 730 societas
840 669 989 732 violetur.
1039 670 1205 734 Samnites
1226 691 1283 733 no-

179 772 308 837 biscum
332 772 468 835 foedere
484 771 588 836 iuncti
606 780 701 848 sunt;
725 773 837 854 itaque
856 792 956 848 arma,
975 775 1055 836 deos
1074 773 1279 856 priusquam

181 877 332 939 homines
363 877 534 950 violatura,
570 876 730 938 adversus
763 876 930 940 Samnites
968 878 1062 939 vobis
1100 898 1280 959 negamus;

182 981 318 1062 legatos
336 982 422 1042 sicut
444 980 495 1042 ius
519 980 637 1061 fasque
654 990 713 1054 est,
731 980 773 1041 ad
791 981 897 1044 socios
914 991 1014 1063 atque
1031 983 1154 1044 amicos
1171 1001 1282 1063 preca·
1317 1003 1331 1054 3

180 1093 251 1147 tum
268 1084 437 1147 mittemus
455 1104 495 1146 ne
512 1104 579 1166 qua
593 1084 687 1146 vobis
704 1084 753 1146 vis
770 1079 858 1147 flat.”

225 1188 281 1251 Ad
305 1208 345 1251 ea
367 1189 522 1269 princeps
546 1187 831 1268 legationis-sic
855 1188 944 1252 enim
968 1190 1065 1254 domo
1088 1191 1281 1253 mandatum

181 1294 434 1354 attulerant—:
460 1292 623 1374 “quando
647 1292 808 1374 quidem”
832 1293 939 1375 inquit
956 1300 1098 1357 “nostra
1121 1294 1206 1357 tueri
1229 1294 1282 1356 ad-

181 1417 297 1459 versus
313 1396 379 1458 vim
396 1407 496 1478 atque
519 1396 671 1458 iniuriam
695 1398 782 1459 iusta
802 1397 834 1459 vi
853 1418 920 1460 non
937 1398 1045 1473 vultis
1063 1409 1174 1461 vestra
1192 1408 1282 1460 certe

182 1496 387 1572 defendetis;
404 1496 516 1579 itaque
530 1497 688 1578 populum
702 1478 912 1578 Campanum
925 1498 1106 1579 urbemque
1120 1499 1280 1579 Capuam,
1315 1519 1333 1566 4

182 1620 289 1681 agros
307 1599 446 1663 delubra
461 1600 570 1675 deum,
588 1600 700 1662 divina
720 1601 933 1682 humanaque
950 1602 1061 1664 omnia
1077 1602 1110 1663 in
1126 1612 1280 1677 vestram,

183 1713 294 1786 patres
325 1703 514 1784 conscripti,
543 1705 724 1786 populique
754 1706 897 1767 Romani
928 1706 1092 1768 dicionem
1120 1705 1280 1780 dedimus,

183 1809 342 1891 quidquid
366 1806 487 1871 deinde
511 1809 684 1889 patiemur,
709 1809 855 1871 dediticii
878 1809 979 1872 vestri
1003 1809 1164 1890 passuri.''
1213 1809 1282 1873 Sub
1318 1828 1331 1881 5

183 1913 265 1975 haec
295 1913 385 1974 dicta
414 1931 541 1986 omneS,
569 1931 688 1975 manus
719 1913 761 1974 ad
792 1914 946 1976 consules
977 1913 1163 1988 tendentes
1193 1913 1283 1994 pleni

182 2015 389 2079 lacrimarum
421 2016 455 2077 in
486 2016 651 2078 vestibulo
681 2017 791 2079 curiae
824 2017 1080 2098 procubuerunt.
1129 2017 1283 2081 Conmoti
1318 2025 1333 2072 6

183 2129 296 2200 patres
311 2121 383 2182 vice
399 2119 608 2182 fortunarum
632 2121 863 2196 humanarum,
880 2122 907 2183 si
927 2120 982 2183 ille
998 2130 1200 2203 praepotens
1217 2121 1284 2201 opi-

183 2223 245 2286 bus
269 2223 421 2305 populus,
440 2222 568 2285 luxuria
585 2225 806 2306 superbiaque
830 2226 948 2299 clarus,
967 2245 1068 2306 aquo
1088 2224 1187 2305 paulo
1206 2233 1282 2287 ante

183 2327 339 2389 auxilium
363 2327 492 2389 finitimi
516 2327 688 2408 petissent,
709 2329 793 2392 adeo
816 2329 977 2391 infractos
1001 2338 1132 2409 gereret
1156 2329 1283 2390 animos

184 2440 220 2494 ut
243 2450 278 2493 se
300 2431 372 2512 ipse
397 2451 523 2512 suaque
543 2431 654 2493 omnia
672 2433 848 2514 potestatis
867 2432 993 2494 alienae
1015 2434 1148 2495 faceret.
1196 2431 1282 2493 Tum
1319 2451 1332 2504 7

182 2536 248 2596 iam
272 2534 354 2597 fides
373 2535 428 2615 agi
446 2534 518 2597 visa
536 2535 664 2597 deditos
687 2556 754 2598 non
774 2535 869 2616 prodi
880 2557 886 2610 ;
913 2555 974 2598 nec
993 2536 1159 2598 facturum
1177 2554 1284 2616 aequa

184 2637 383 2702 Samnitium
411 2637 572 2719 populum
600 2638 792 2713 censebant,
819 2640 846 2700 si
873 2658 989 2719 agrum
1019 2638 1200 2719 urbemque
1226 2658 1285 2719 per

183 2742 386 2805 deditionem
403 2741 527 2805 factam
550 2742 665 2823 populi
686 2741 829 2804 Romani
845 2750 1089 2824 oppugnarent.
1138 2742 1284 2822 Legatos

183 2987 260 3022 mum
271 2970 354 3038 (mast
361 2968 531 3040 important)
540 2976 621 3022 ratus
629 2987 710 3022 sacra
758 2971 824 3038 just
844 2971 926 3038 after,
949 2986 979 3021 as
1004 2968 1077 3021 here.
1090 2973 1283 3025 -vestibuloz

187 3050 352 3118 publica...
363 3051 471 3121 facere.
510 3049 552 3103 ef.
561 3050 609 3104 the
619 3067 711 3102 mean·
761 3067 807 3102 see
825 3067 863 3103 on
883 3064 906 3118 ς,
921 3064 964 3115 41,
980 3050 1163 3102 8.-—curiae:
1183 3065 1229 3103 see
1249 3065 1285 3102 on

183 3129 233 3200 ing
244 3130 276 3184 of
284 3132 417 3183 vetustzar
429 3130 458 3183 111
472 3130 486 3194 ξ
501 3146 524 3182 2.
762 3145 785 3195 2,
800 3145 841 3198 23,
858 3145 898 3181 11.

229 3227 253 3262 a.
280 3212 567 3263 deos...violatura:
589 3212 633 3263 ia.
644 3211 710 3279 they
805 3216 829 3261 6.
856 3212 989 3263 conmoti:
1016 3227 1055 3263 sc.
1082 3211 1283 3262 sunt-vice:

183 3291 273 3344 would
291 3290 391 3344 violate
410 3300 458 3344 not
480 3291 545 3360 only
564 3291 610 3343 the
634 3292 710 3342 Sam·
761 3290 879 3359 change,·
906 3290 947 3344 for
967 3307 983 3342 a
1005 3289 1131 3344 different
1156 3289 1285 3358 meaning

185 3371 256 3424 nites
272 3371 329 3436 but,
344 3371 417 3423 what
436 3388 489 3423 was
507 3388 581 3424 more
597 3369 709 3434 seriouS,
744 3438 746 3441 Ι
762 3387 807 3423 see
821 3387 856 3422 on
874 3383 894 3438 1,
906 3385 947 3439 25,
957 3370 983 3422 6.
993 3372 1076 3422 -siz
1097 3387 1143 3423 see
1157 3386 1192 3424 on
1206 3384 1230 3436 a,
1244 3370 1285 3434 28,

184 3451 232 3505 the
254 3452 334 3505 oaths
355 3468 444 3504 swom
464 3451 492 3502 111
511 3451 558 3503 tbe
578 3467 657 3503 name
676 3449 706 3504 of
762 3465 787 3501 2.

184 3532 233 3585 the
245 3532 325 3602 gods.
372 3527 379 3542 ‘
806 3547 830 3594 7.
856 3537 916 3586 tum
936 3532 1006 3582 tame
1027 3531 1126 3583 aeszdes
1145 3547 1225 3593 naw3
1244 3547 1283 3583 sc.

230 3627 254 3674 5.
281 3619 345 3667 sub:
375 3611 403 3664 in
429 3612 497 3665 such
523 3611 636 3680 phrases
661 3611 711 3663 sub
761 3611 805 3662 the
823 3611 959 3679 prapasal
977 3612 1012 3682 af
1027 3611 1071 3663 tae
1095 3612 1287 3680 Campaniam

185 3709 280 3745 means
283 3693 348 3760 just
359 3693 456 3762 before,
466 3709 496 3744 as
509 3691 538 3742 in
552 3706 575 3759 5,
589 3707 631 3759 39,
645 3705 669 3757 7,
680 3707 711 3743 or
761 3691 870 3760 havt'ng
887 3692 949 3743 been
970 3692 1102 3760 accepted.
1112 3693 1223 3743 -fides
1241 3693 1287 3755 agi

712 3812 764 3871 151
