2976 4302
628 328 722 378 BOOK
746 329 783 376 IX
1114 330 1210 394 [Crine.
1228 343 1257 396 17

153 495 379 558 dimicandum
409 505 481 558 erat
511 514 625 557 senem
654 494 814 558 viderant.
863 495 1021 558 Militaria
1048 516 1150 577 opera
1177 516 1307 578 pug-12

153 600 265 662 nando
288 600 425 662 obeunti
448 599 780 661 Alexandro-nam
807 619 848 661 ea
872 621 1003 681 quoque
1031 600 1118 662 haud
1147 599 1256 662 minus

153 703 279 765 clarum
310 723 386 766 eum
416 701 763 766 faciunt—cessisset
789 702 942 766 videlicet
969 705 1003 765 in
1030 705 1100 766 acie
1125 703 1256 766 oblatus

154 827 215 889 par
240 807 386 868 Manlius
402 807 593 888 Torquatus
610 816 666 868 aut
682 806 835 870 Valerius
853 807 989 881 Corvus,
1007 807 1155 888 insignes
1179 817 1256 870 ante

154 910 274 972 milites
298 930 397 992 quam
425 910 536 985 duces,
561 911 741 972 cessissent
772 910 878 985 Decii,
904 911 1032 973 devotis
1063 911 1256 992 corporibus
1276 940 1306 990 13

153 1014 187 1075 in
211 1015 341 1076 hostem
365 1024 507 1089 ruentes
529 1014 682 1076 cessisset
707 1013 857 1094 Papirius
882 1015 1005 1078 Cursor
1028 1014 1084 1078 illo
1108 1015 1255 1097 corporis

154 1117 281 1192 robore,
298 1119 354 1180 illo
371 1117 489 1180 animi!
536 1117 655 1182 Victus
672 1128 761 1181 esset
782 1118 928 1180 consiliis
945 1119 1072 1181 iuvenis
1089 1119 1196 1194 unius
1213 1138 1256 1181 ne
1276 1144 1306 1192 14

154 1222 301 1302 singulos
322 1221 500 1295 nominem,
518 1232 654 1284 senatus
677 1221 740 1297 ille,
759 1241 858 1303 quem
882 1223 938 1304 qui
960 1242 999 1284 ex
1024 1222 1157 1303 regibus
1182 1242 1256 1284 con-

153 1334 241 1388 stare
259 1325 343 1387 dixit
358 1345 444 1388 unus
460 1345 572 1387 veram
592 1327 738 1406 speciem
757 1327 901 1388 Romani
917 1336 1052 1388 senatus
1070 1327 1174 1407 cepit!
1216 1327 1254 1388 Id
1275 1353 1303 1406 ις

153 1449 231 1492 vero
247 1438 319 1491 erat
334 1429 526 1510 periculum,
545 1449 587 1492 ne
607 1429 771 1492 sollertius
788 1449 886 1511 quam
905 1428 1042 1511 quilibet
1059 1449 1144 1492 unus
1161 1449 1200 1492 ex
1217 1429 1255 1491 iis

153 1553 236 1614 quos
261 1532 430 1595 nominavi
453 1534 570 1596 castris
593 1532 700 1596 locum
726 1542 869 1613 caperet,
894 1543 1098 1596 commeatus
1125 1534 1256 1614 expedi-

153 1646 212 1711 ret,
227 1637 269 1699 ab
285 1635 412 1699 insidiis
429 1646 652 1718 praecaveret,
666 1646 799 1717 tempus
816 1657 949 1718 pugnae
966 1637 1136 1718 deligeret,
1150 1637 1254 1700 aciem

153 1739 339 1816 instrueret,
365 1739 519 1803 subsidiis
548 1740 710 1802 firmaret!
755 1741 833 1803 Non
857 1761 932 1803 cum
956 1741 1069 1804 Dareo
1089 1761 1157 1804 rem
1181 1738 1305 1806 esseio

153 1844 297 1920 dixisset,
319 1864 417 1926 quem
439 1843 614 1906 mulierum
638 1863 676 1906 ac
700 1844 886 1924 spadonum
912 1865 1032 1925 agmen
1056 1846 1253 1918 trahentem,

152 1947 239 2010 inter
257 1967 439 2029 purpuram
456 1957 555 2029 atque
571 1967 697 2022 aurum,
716 1957 888 2010 oneratum
913 1949 1068 2010 fortunae
1092 1948 1255 2028 apparati-

152 2051 214 2113 bus
232 2071 322 2127 suae,
340 2052 499 2132 praedam
522 2053 632 2114 verius
655 2071 756 2133 quam
779 2053 919 2126 hostem,
937 2052 1019 2113 nihil
1042 2052 1131 2113 aliud
1155 2072 1253 2133 quam

151 2155 238 2218 bene
261 2175 362 2218 ausus
384 2175 471 2217 vana
495 2164 718 2229 contemnere,
742 2154 935 2218 incruentus
958 2155 1088 2218 devicit.
1138 2155 1255 2236 Longe
1276 2185 1304 2236 ¹7

151 2259 236 2322 alius
264 2258 382 2322 Italiae
407 2279 505 2341 quam
535 2259 660 2334 indiae,
686 2279 745 2340 per
776 2279 876 2340 quarn
907 2258 1091 2340 temulento
1121 2259 1254 2340 agmine

151 2362 410 2426 comisabundus
426 2363 570 2437 incessit,
588 2362 678 2425 visus
701 2363 748 2425 illi
771 2363 904 2425 habitus
927 2373 1025 2436 esset,
1043 2362 1146 2425 saltus
1163 2363 1255 2443 Apu·
1337 2352 1340 2358 ’

152 2468 215 2530 liae
232 2487 270 2530 ac
287 2478 416 2558 montes
431 2468 585 2532 Lucanos
598 2468 747 2530 cernenti
763 2477 797 2530 et
811 2466 951 2549 vestigia
967 2466 1112 2529 recentia
1128 2468 1255 2532 domes-

152 2682 255 2749 Gauls,
274 2699 321 2736 see
335 2697 360 2752 5,
368 2682 404 2747 46
415 2681 679 2736 fi—dimicandum
778 2698 816 2746 1⁵·
842 2685 941 2736 idvero
957 2722 963 2735 .
980 2722 986 2734 .
1004 2722 1010 2734 .
1034 2701 1039 2734 :
1060 2681 1114 2736 still
1125 2681 1253 2750 ironica13

151 2767 225 2816 erat:
245 2781 291 2817 see
300 2780 337 2816 on
349 2763 363 2828 ξ
375 2777 392 2830 7
395 2765 461 2833 fuit
472 2764 679 2817 bellanduna-
732 2762 765 2816 cf.
784 2780 809 2833 9,
832 2765 870 2830 18,
890 2764 1083 2828 6.—quilibet
1101 2779 1184 2815 unus:
1208 2781 1255 2817 see

151 2847 294 2896 viderant:
314 2852 372 2896 true
387 2844 419 2897 of
433 2845 500 2914 only
518 2845 565 2897 the
584 2844 679 2897 earlier
732 2859 769 2896 on
782 2860 806 2912 3,
819 2859 862 2913 45,
875 2858 892 2907 4
904 2846 1051 2913 quisquam
1065 2861 1146 2896 unus.

152 2942 221 2978 ones
239 2925 270 2978 of
285 2924 365 2978 those
383 2923 481 2978 named
496 2925 524 2976 in
538 2924 552 2988 ξ
566 2925 590 2977 8.
628 2926 678 2977 Ca·
778 2931 817 2976 16.
841 2925 911 2975 nihil
928 2963 934 2975 .
952 2963 957 2975 .
975 2964 980 2974 .
996 2927 1179 2977 contemnere:
1200 2924 1255 2976 dri-

153 3005 242 3058 millus
255 3004 318 3057 died
331 3004 360 3056 in
373 3005 433 3073 365.

199 3102 239 3137 12.
262 3087 405 3137 videlicet:
433 3085 564 3138 attached
588 3093 617 3138 to
642 3101 678 3136 an

151 3163 676 3230 ironicalstatement,asoften.-par:

151 3262 234 3298 asan
244 3248 390 3314 opponent.

199 3343 237 3389 13.
263 3327 384 3377 devotis:
406 3341 451 3378 see
464 3323 570 3388 on§8.

199 3422 239 3468 14.
266 3419 371 3470 quem.
397 3444 402 3455 .
433 3444 438 3455 .
460 3408 598 3457 constare:
629 3404 677 3458 the

152 3485 260 3538 remark
289 3483 321 3539 of
350 3485 459 3550 Cineas,
497 3483 620 3537 minister
643 3485 675 3538 os

154 3566 282 3636 Pyrrhus,
307 3582 343 3619 on
369 3564 412 3617 his
438 3572 530 3617 return
552 3563 621 3616 from
642 3581 678 3616 an

154 3646 282 3718 embassy
322 3653 352 3700 to
391 3645 675 3713 Rome—speciem:

152 3728 225 3780 idea.

727 3004 848 3073 playing
858 3020 976 3072 courage
991 3004 1054 3072 only
1069 3007 1098 3056 in
1115 3004 1158 3056 his
1176 3021 1254 3056 scorn

731 3085 767 3153 of
778 3088 869 3152 enzpty
880 3084 973 3148 show
992 3086 1037 3136 zie.
1057 3084 1084 3136 in
1102 3084 1145 3136 his
1163 3101 1255 3152 appre-

732 3165 832 3217 ciation
857 3164 889 3217 of
911 3164 957 3217 the
983 3164 1037 3216 real
1060 3163 1200 3216 weakness
1227 3163 1258 3216 of

731 3244 840 3309 DariuS,
850 3244 937 3297 which
949 3243 976 3295 in
988 3243 1041 3297 fact
1050 3243 1128 3296 made
1139 3260 1254 3312 courage

731 3340 915 3393 unnecessary
925 3342 931 3390 ς
951 3323 993 3376 lor
1003 3323 1076 3376 nz'ln'l
1081 3323 1164 3375 aliud
1171 3340 1255 3392 quam

731 3421 778 3458 see
790 3420 827 3457 on
841 3419 865 3470 2,
878 3419 919 3473 29,
932 3418 958 3468 4.

777 3500 817 3547 17.
840 3486 963 3548 agmine:
978 3483 1032 3537 abl.
1045 3482 1077 3536 of
1084 3481 1255 3550 accompani-

731 3573 822 3630 ment;
843 3581 889 3617 see
904 3581 940 3617 on
956 3580 980 3632 3,
995 3579 1035 3632 50,
1049 3579 1074 3630 3.
1086 3565 1254 3615 -habitus:

731 3645 882 3697 character.
892 3646 1048 3710 -Apuliae
1059 3663 1064 3695 :
1085 3644 1131 3697 the
1142 3652 1256 3712 country

732 3725 767 3779 he
789 3725 877 3778 would
899 3725 968 3778 have
987 3741 1052 3778 seen
1073 3723 1132 3776 first
1154 3741 1190 3776 on
1212 3723 1255 3775 his

679 3833 735 3907 187
