2914 4290
602 270 698 320 soon
719 269 791 318 xcv
1085 265 1182 332 [cnsp.
1196 267 1246 333 7‚8
1300 233 1303 235 ’

140 456 345 520 gressusque
361 437 507 519 paulum,
521 435 702 500 introeunti
712 433 784 516 regi
799 433 947 498 dextram
960 431 1114 515 porrexit.
1163 432 1244 497 Sub-

140 543 396 624 mittentemque
423 562 459 605 se
485 542 527 603 ad
556 539 659 622 pedes
687 538 827 614 sustulit,
852 557 914 601 nec
942 539 1106 618 attingere
1133 556 1244 618 genua

140 665 262 727 passus
277 645 501 709 introductum
518 644 551 706 in
568 642 817 707 tabernaculum
834 641 994 704 adversus
1013 641 1193 704 advocatos
1208 642 1242 702 in

140 749 315 813 consilium
332 749 504 813 considere
520 748 624 811 iussit.

184 855 214 918 8.
247 853 356 915 Prima
381 853 587 935 percontatio
610 851 684 927 fuit,
708 872 774 933 qua
798 850 956 914 subactus
983 849 1101 912 iniuria
1127 858 1244 912 contra
1280 871 1290 906 1

141 957 301 1040 populum
320 957 509 1020 Romanum
524 956 648 1019 bellum
664 965 733 1018 tam
754 955 878 1017 infesto
899 953 1010 1016 animo
1030 953 1241 1034 suscepisset,

140 1081 207 1143 quo
228 1081 265 1124 se
283 1080 490 1143 regnumque
510 1079 605 1123 suum
624 1059 666 1122 ad
683 1059 834 1122 ultimum
856 1057 1032 1122 discrimen
1052 1057 1240 1122 adduceret.

141 1163 238 1240 Cum,
269 1184 467 1246 responsum
497 1162 768 1247 exspectantibus
795 1163 931 1238 cunctis,
960 1171 1080 1225 terram
1108 1162 1242 1226 intuens
1278 1184 1293 1219 2

139 1268 197 1331 diu
218 1269 338 1332 tacitus
359 1267 461 1344 fleret,
479 1289 609 1330 rursum
625 1267 760 1331 consul:
789 1265 854 1330 “Si
876 1266 1005 1328 iuvenis
1028 1285 1168 1347 regnum
1191 1286 1242 1329 ac·
1277 1294 1292 1344 3

139 1373 297 1452 cepisses,
315 1373 424 1435 minus
439 1372 592 1454 equidem
609 1371 746 1434 mirarer
761 1372 933 1453 ignorasse
953 1378 996 1445 te,
1014 1389 1114 1451 quam
1131 1369 1241 1452 gravis

140 1484 199 1537 aut
223 1475 350 1538 amicus
374 1484 432 1538 aut
456 1475 607 1538 inimicus
638 1485 728 1539 esset
753 1474 897 1557 populus
929 1473 1120 1550 Romanus;
1152 1494 1241 1537 nunc
1275 1494 1293 1541 4

138 1599 229 1655 ver0,
254 1598 329 1642 cum
353 1588 387 1642 et
408 1579 494 1642 bello
518 1580 620 1661 patris
639 1580 696 1655 tui,
714 1579 803 1661 quod
819 1578 992 1641 nobiscum
1011 1577 1124 1659 gessit,
1145 1577 1242 1641 inter-

138 1682 272 1756 fuisses,
286 1692 320 1746 et
332 1684 423 1764 pacis
434 1691 560 1764 postea,
572 1703 671 1765 quam
685 1703 760 1746 cum
774 1702 903 1744 summa
915 1683 980 1745 fide
992 1682 1151 1746 adversus
1164 1702 1241 1745 eum

138 1785 311 1862 coluimuS,
326 1786 542 1862 meminisses,
559 1786 650 1868 quod
656 1785 733 1868 suit
749 1786 933 1862 consilium,
956 1807 1096 1868 quorum
1117 1795 1151 1850 et
1173 1788 1240 1850 vim

138 1888 176 1952 in
206 1889 294 1953 bello
324 1899 358 1953 et
384 1891 482 1954 iidem
510 1892 544 1952 in
574 1910 658 1972 pace
688 1899 844 1971 expertus
870 1910 971 1966 esses,
1010 1910 1085 1954 cum
1115 1889 1156 1954 iis
1181 1891 1242 1954 tibi

138 1994 262 2058 bellum
286 2014 360 2058 esse
384 2015 482 2077 quam
502 2014 618 2077 pacem
639 1994 788 2058 malle?”
837 1995 908 2057 Nec
932 1993 1154 2076 interrogatus
1178 2014 1241 2058 nec
1276 2017 1289 2070 5

139 2109 316 2163 accusatus
336 2119 411 2163 cum
430 2100 655 2182 responderet,
682 2100 900 2182 “Vtcumque
926 2109 1049 2162 tamenv
1062 2099 1153 2174 haec,
1171 2099 1240 2162 sive

138 2223 251 2268 errore
270 2204 416 2267 humano
432 2224 491 2268 seu
507 2224 586 2267 casu
603 2224 662 2268 seu
678 2205 885 2281 necessitate,
902 2202 1098 2279 inciderunt,
1115 2202 1240 2266 bonum

184 2399 208 2448 5.
232 2384 316 2436 iussis
336 2424 342 2437 .
365 2423 372 2437 .
395 2423 401 2437 .
422 2385 502 2437 aliis:
523 2385 583 2438 that
600 2384 666 2456 they
714 2388 790 2454 War,
815 2385 904 2440 which
932 2385 1022 2457 began
1049 2385 1078 2438 in
1106 2400 1158 2439 200
1184 2385 1240 2438 and

139 2465 229 2536 might
253 2465 330 2519 show
354 2465 410 2518 him
437 2483 473 2519 no
499 2465 602 2532 honor3
629 2482 665 2519 an
715 2467 805 2521 ended
827 2467 891 2521 with
912 2467 960 2520 the
979 2467 1064 2521 battle
1086 2466 1117 2521 of
1135 2468 1240 2536 Cynos-

139 2544 308 2613 implication
326 2545 386 2599 that
403 2545 438 2599 he
451 2562 505 2599 was
521 2562 558 2599 no
571 2546 667 2616 longer
715 2547 844 2616 cephalae
852 2547 881 2600 in
894 2562 950 2617 197.
985 2547 1046 2601 The
1056 2565 1139 2616 peace
1150 2547 1238 2600 which

139 2625 526 2695 aking.-progressusque:
550 2625 591 2679 for
610 2625 665 2679 this
715 2626 841 2682 followed
865 2627 919 2681 had
949 2635 998 2682 not
1024 2627 1095 2682 been
1119 2627 1239 2681 violated

139 2712 190 2759 not
217 2706 331 2759 unusual
358 2705 544 2761 combination
572 2706 603 2759 ol
630 2723 665 2759 an
715 2708 794 2762 when
808 2708 897 2777 Philip
910 2707 974 2762 died
990 2707 1018 2760 in
1039 2709 1240 2779 179.-adver-

139 2785 194 2855 adj.
205 2803 237 2839 or
249 2785 389 2855 participle
401 2787 466 2840 with
480 2787 527 2840 the
540 2786 595 2840 abl.
606 2786 665 2840 abs.
714 2803 776 2840 sus:
798 2805 844 2841 see
861 2805 898 2842 on
916 2803 940 2857 5,
957 2802 999 2856 35,
1020 2795 1167 2860 4-un
1183 2794 1239 2845 fuit

139 2865 173 2920 cs.
200 2880 221 2932 1,
246 2880 268 2933 1,
288 2881 306 2931 4
325 2869 489 2938 profugum,
510 2868 561 2920 scd
585 2905 591 2918 .
621 2905 627 2918 .
657 2906 664 2918 .
714 2869 857 2920 consilium
878 2909 883 2921 .
904 2906 910 2919 .
930 2907 936 2920 .
956 2870 1054 2922 malle:
1079 2871 1157 2924 what
1179 2887 1239 2923 was

139 2946 268 3016 satis-
281 2948 427 2999 advocatos
453 2948 482 2997 in
506 2947 663 2999 consilium:
713 2950 1128 3020 yourreasonforpreferring
1157 2950 1240 3003 malle

139 3025 214 3078 those
240 3025 301 3078 who
325 3026 385 3079 had
409 3027 470 3080 been
499 3027 588 3080 called
607 3029 666 3080 into
715 3027 738 3081 is
758 3028 821 3082 best
840 3029 985 3098 explained
1007 3047 1037 3084 as
1059 3031 1133 3099 pred.
1155 3047 1238 3096 nom,

139 3105 254 3159 council.
715 3108 763 3162 the
787 3109 874 3163 literal
900 3110 1030 3180 meaning
1050 3110 1141 3180 being,
1162 3111 1240 3164 what

183 3187 211 3237 8.
238 3202 261 3238 1.
286 3199 337 3252 quo
351 3209 375 3232 =
388 3192 420 3239 ut
442 3203 489 3251 ειη
520 3186 618 3240 bellum
642 3186 666 3239 is
714 3194 774 3241 sort
792 3190 982 3260 osjudgment
1000 3207 1060 3243 was
1072 3207 1147 3259 your
1161 3191 1240 3261 pref·

139 3265 188 3319 the
214 3267 394 3334 antecedent;
424 3283 440 3320 a
465 3266 666 3321 characteristic
715 3285 814 3322 ercncc.

139 3346 231 3400 clause
244 3345 276 3399 of
289 3347 560 3400 result-ultimum
573 3347 667 3398 discri-
760 3362 785 3410 5.
810 3348 971 3414 utcumque:
988 3349 1130 3415 howevem
1146 3367 1193 3404 see
1202 3367 1239 3403 on

139 3440 218 3478 men:
232 3425 336 3494 apoint
343 3426 432 3481 where
441 3427 579 3481 existence
587 3425 663 3481 itself
715 3428 813 3498 Praes.
825 3430 1010 3495 3.-tamen:
1033 3429 1150 3501 belongs
1159 3447 1240 3500 prop·

140 3522 195 3559 was
208 3513 236 3559 at
249 3505 336 3560 stake.
716 3506 772 3576 erly
785 3507 813 3560 in
826 3507 873 3561 the
886 3509 1017 3578 principal
1030 3509 1129 3577 clause,
1141 3510 1241 3563 bonum

183 3608 208 3653 4.
233 3604 318 3643 nunc:
340 3604 373 3640 as
388 3589 411 3640 ir
425 3589 467 3651 is,·
487 3587 521 3641 cf.
545 3602 566 3652 1,
583 3587 625 3653 28,
640 3604 665 3656 9.
718 3626 724 3639 .
747 3626 753 3638 .
777 3588 886 3653 .}rabe,·
905 3587 1048 3660 clPraef.
1068 3603 1240 3658 3.-regum

139 3673 269 3723 -belloz
290 3667 337 3720 the
354 3667 464 3721 Second
484 3668 666 3722 Macedonian
716 3674 744 3723 et
757 3675 931 3737 populorum:
953 3686 998 3722 see
1011 3687 1047 3722 on
1061 3684 1103 3736 21,
1115 3684 1157 3737 43,
1174 3685 1214 3722 11.

666 3776 721 3846 367
