2922 4296
211 257 295 311 enm
310 257 336 326 1]
544 257 755 311 sntucnous
777 258 877 311 mon
900 260 983 313 mur

211 426 357 504 Troiani,
376 435 412 490 ut
431 426 551 510 quibus
574 429 617 491 ab
639 429 792 491 inmenso
816 450 921 512 prope
944 449 1055 517 errore
1077 427 1161 492 nihil
1183 436 1321 510 praeter

213 550 305 593 arma
320 540 354 594 et
369 552 472 595 naves
490 542 689 613 superesset,
706 553 782 595 curn
806 534 966 615 praedam
990 553 1030 597 ex
1053 534 1143 613 agris
1166 541 1320 613 agerent,

214 635 356 697 Latinus
374 655 431 698 rex
454 635 734 718 Aboriginesque,
752 637 809 718 qui
831 646 903 699 tum
926 657 967 700 ea
989 636 1151 700 tenebant
1175 637 1256 713 loca,
1276 636 1321 699 ad
1419 642 1424 646 “

213 738 392 824 arcendam
408 741 475 801 vim
492 739 695 823 advenarum
711 741 830 802 armati
845 760 887 803 ex
902 740 983 804 urbe
1005 749 1105 821 atque
1129 742 1219 820 agris
1243 760 1323 803 con-

180 856 196 905 6
214 851 359 907 currunt,
396 843 532 925 Duplex
541 844 619 907 inde
631 844 723 905 fama
735 854 803 907 est:
820 844 874 906 alii
886 844 1012 926 proelio
1024 845 1147 907 victum
1160 845 1322 906 Latinum

214 966 332 1028 pacem
359 966 435 1010 cum
452 947 586 1026 Aenea,
612 947 733 1011 deinde
759 947 964 1040 adQlAEt-em
990 947 1136 1011 iunxisse
1163 946 1324 1023 tradunt;
1427 997 1432 1005 .

181 1048 279 1130 7alii,
308 1070 384 1113 cum
410 1050 592 1113 instructae
620 1050 708 1114 acies
735 1050 972 1126 constitissent,
1001 1049 1195 1132 priusquam
1223 1052 1325 1132 signa

216 1162 384 1232 canerent,
411 1156 614 1241 processisse
640 1155 797 1218 Latinum
825 1153 910 1218 inter
940 1156 1102 1237 primores
1133 1155 1325 1236 ducemque

216 1259 420 1322 advenarum
433 1278 591 1322 evocasse
607 1259 650 1322 ad
666 1257 893 1341 conloquium,
918 1267 1171 1343 percunctatum
1189 1258 1323 1333 deinde,

217 1364 273 1446 qui
287 1363 443 1426 mortales
455 1373 576 1440 essent,
589 1364 679 1427 unde
692 1373 749 1427 aut
761 1383 828 1447 quo
840 1384 921 1426 casu
933 1362 1076 1446 profecti
1088 1363 1188 1426 domo
1200 1363 1326 1447 quidve

184 1482 201 1533 8
218 1477 416 1550 quaerentes
426 1466 460 1529 in
473 1487 590 1548 agrum
605 1468 809 1531 Laurentem
823 1468 978 1543 exissent,
991 1477 1169 1550 postquam
1183 1466 1327 1530 audierit

219 1570 465 1655 multitudinem
482 1571 645 1634 Troianos
660 1592 744 1647 esse,
761 1571 880 1634 ducem
897 1572 1060 1646 Aeneam,
1078 1571 1182 1633 lilium
1200 1570 1328 1635 Anchi-

219 1695 276 1739 sae
292 1684 326 1738 et
339 1674 493 1752 Veneris,
511 1684 657 1739 cremata
672 1677 780 1759 patria
801 1676 900 1738 domo
924 1675 1087 1757 profugos
1111 1675 1226 1739 sedem
1251 1696 1328 1738 con-

220 1779 416 1861 dendaeque
432 1779 505 1841 urbi
523 1780 632 1842 locum
651 1799 819 1861 quaerere,
837 1789 871 1842 et
893 1779 1101 1843 nobilitatem
1124 1778 1327 1842 admiratum

220 1885 331 1965 gentis
345 1884 473 1964 virique
489 1892 523 1946 et
538 1882 685 1944 animum
698 1884 751 1945 vel
766 1883 854 1945 bello
869 1883 924 1945 vel
940 1882 1016 1964 paci
1031 1891 1195 1965 paratum,
1210 1882 1329 1946 dextra

187 2011 203 2060 9
221 1987 308 2061 data,
326 1985 423 2048 fidem
439 1987 574 2048 futurae
589 1986 752 2049 amicitiae
769 1987 927 2051 sanxisse.
977 1986 1060 2050 Inde
1082 1987 1204 2048 foedus
1225 1986 1327 2049 ictum

220 2091 307 2154 inter
323 2090 435 2166 duces,
452 2089 540 2153 inter
555 2089 719 2153 exercitus
743 2063 977 2152 salffinem
1002 2090 1127 2152 factam
1138 2111 1146 2166 ;
1171 2091 1329 2153 Aeneam

220 2294 518 2360 known.-utquibus
529 2334 535 2347 .
546 2333 553 2346 .
563 2333 569 2346 .
579 2296 747 2359 superesset:
799 2290 943 2344 infinitive.
955 2295 1045 2345 -aut
1060 2331 1066 2343 .
1083 2332 1089 2343 .
1105 2331 1112 2344 .
1127 2307 1178 2344 ve:
1209 2291 1332 2363 disjunc-

222 2376 339 2429 acausal
348 2375 455 2441 clause3
470 2392 516 2428 see
526 2392 564 2428 on
573 2376 670 2453 Praesj
681 2389 706 2440 4.
714 2405 751 2413 -
799 2373 876 2438 tiveS,
890 2372 978 2425 where
991 2390 1031 2426 we
1043 2372 1145 2425 should
1158 2389 1206 2426 use
1219 2372 1333 2441 copula-

223 2458 360 2508 inmenso:
380 2472 411 2508 as
424 2456 472 2508 the
482 2455 557 2508 word
570 2471 664 2506 means
678 2455 750 2507 liter·
799 2452 878 2504 tives.

222 2536 277 2606 ally
297 2536 448 2601 unlznn'ted,
463 2538 553 2603 prope
571 2533 594 2586 is
612 2533 748 2602 justified3
844 2539 868 2583 8.
894 2533 1027 2585 audierit:
1062 2531 1109 2585 the
1141 2532 1220 2585 usual
1251 2540 1334 2586 tense

223 2617 256 2672 cf.
267 2630 309 2685 45,
319 2633 344 2686 9,
356 2630 379 2685 5.
390 2616 562 2667 -Latinusz
579 2630 631 2666 son
641 2614 672 2666 of
682 2616 751 2666 Fau·
801 2611 865 2663 with
879 2616 1026 2681 postquam
1044 2612 1073 2664 in
1092 2611 1149 2664 ind.
1165 2612 1236 2665 disc.
1250 2613 1333 2666 when

223 2716 284 2766 nuS,
297 2714 467 2766 eponymous
480 2696 547 2748 hero
560 2694 591 2746 of
606 2693 652 2747 the
671 2694 750 2747 Latin
801 2692 847 2743 the
862 2691 995 2760 principal
1008 2692 1072 2744 verb
1086 2691 1109 2743 is
1123 2691 1150 2742 in
1164 2692 1213 2745 the
1228 2692 1333 2760 perfect

223 2796 294 2845 race,
308 2776 462 2845 worshiped
474 2773 544 2828 after
559 2773 603 2826 his
621 2774 702 2826 death
720 2790 750 2826 as
801 2770 950 2838 infinitive;
976 2771 1011 2825 cf.
1032 2786 1074 2836 40,
1095 2785 1135 2839 55,
1156 2785 1181 2838 7.
1193 2775 1334 2826 -multi-

223 2859 329 2929 Jupiter
340 2856 464 2910 Latiaris.
801 2852 938 2904 tudinem:
968 2853 1052 2922 Verg.
1074 2852 1145 2903 Aen.
1170 2867 1195 2918 2,
1217 2852 1270 2922 796
1291 2856 1334 2905 in·

223 2999 226 3005 ‚
268 2947 293 2992 6.
319 2941 434 3004 duplex:
459 2936 553 3006 Vergil
578 2935 683 2988 follows
704 2934 751 2988 the
802 2936 910 3000 gentem
929 2934 1057 2984 comitum
1078 2969 1084 2981 .
1109 2971 1115 2981 .
1140 2970 1146 2982 .
1169 2949 1332 2985 nnmerum.

223 3020 282 3074 first
294 3028 370 3090 story
383 3020 468 3089 (Aen.
480 3031 505 3083 7,
518 3030 565 3081 147
579 3014 636 3083 n),
647 3015 751 3085 though
805 3013 946 3076 —patriaz
963 3014 1058 3064 native
1065 3013 1117 3078 city
1127 3028 1136 3074 ,·
1148 3010 1184 3064 cs.
1195 3027 1220 3079 3,
1231 3026 1273 3080 50,
1285 3028 1315 3082 15
1327 3033 1333 3079 3

225 3100 338 3154 Latinus
355 3097 470 3152 himself
484 3097 507 3149 is
527 3095 704 3164 represented
722 3111 752 3146 as
803 3090 845 3155 26,
867 3104 906 3158 13,
927 3096 1050 3158 15.-et
1070 3094 1245 3145 nobilitatem
1266 3134 1272 3146 .
1295 3136 1301 3148 .
1328 3135 1333 3145 .

224 3181 348 3251 opposed
361 3188 390 3232 to
403 3179 450 3232 the
463 3194 528 3230 war.
803 3174 831 3222 et
843 3172 979 3224 animum:
1000 3173 1048 3226 the
1067 3180 1121 3226 two
1140 3173 1335 3244 conjunctions

269 3278 294 3326 7.
323 3263 473 3313 instructae
503 3297 509 3309 .
541 3295 547 3308 .
579 3295 586 3307 .
615 3257 754 3308 constitis·
803 3267 848 3303 are
861 3251 1027 3305 correlative.

224 3347 301 3397 sent:
325 3342 360 3397 cf.
375 3357 417 3407 22,
431 3354 474 3409 45,
488 3352 513 3406 5.
523 3338 638 3388 -inter
655 3338 754 3400 primo·
847 3347 873 3393 9·
899 3333 1108 3385 salutationem:
1124 3346 1149 3399 7,
1157 3347 1225 3402 42,5
1241 3333 1261 3386 f.
1272 3351 1337 3388 cnm

224 3441 282 3478 res:
320 3426 379 3477 tnta
413 3422 458 3474 tlte
485 3420 573 3490 srant
604 3416 685 3479 rank,
714 3432 753 3479 or,
803 3413 833 3463 in
852 3413 936 3463 aciem
955 3415 1064 3466 armati
1079 3416 1212 3466 exercitus
1226 3417 1338 3482 proces·

224 3504 356 3575 possibly,
368 3505 398 3556 in
413 3501 459 3555 tlm
473 3499 557 3551 antidit
573 3496 609 3565 af
620 3495 662 3546 his
675 3495 755 3566 chief-
803 3492 907 3555 sissent,
940 3492 1136 3546 salutationem
1164 3495 1279 3565 factam
1312 3503 1339 3548 et

223 3590 307 3640 tains.
318 3581 580 3649 -percunctatumz
601 3574 653 3627 like
666 3576 755 3626 admi·
804 3573 959 3638 pernn'xtos
970 3573 1085 3625 dextras
1100 3575 1213 3642 iungere
1227 3591 1261 3626 ac
1275 3591 1339 3627 can-

224 3675 320 3721 ratnm
335 3665 364 3717 in
383 3665 397 3728 §
415 3664 440 3728 8,
453 3678 470 3713 a
489 3656 638 3728 participle,
653 3662 700 3707 not
718 3671 754 3707 an
806 3649 978 3719 placanter
995 3669 1023 3704 se
1041 3652 1220 3717 lacrimantes
1238 3653 1340 3709 milites

761 3760 800 3817 28
