2976 4302
645 315 738 364 BOOK
762 315 800 364 lx
1149 312 1275 378 [Citam

172 479 214 541 ad
231 495 333 560 opera
349 499 387 542 ac
404 479 621 542 muniendum
638 480 734 543 hoste
750 479 855 542 clausi
870 491 984 543 essent
1003 488 1036 542 et
1054 499 1228 560 erumpere
1245 478 1273 542 si

172 603 239 646 non
256 581 327 646 sine
340 567 463 664 magno
476 584 632 665 pericul0,
647 593 756 646 tamen
775 584 846 646 sine
859 595 949 647 certa
965 585 1110 665 pernicie
1124 595 1270 665 possent.

172 686 273 768 Quod
294 686 330 761 si,
349 696 384 748 ut
405 687 468 748 illis
490 688 664 750 decurrere
685 707 726 749 ex
745 687 910 768 Capitolio
931 689 1066 750 armatis
1086 689 1120 749 in
1142 688 1271 750 hostem
1306 718 1322 767 9

172 791 272 863 licuit,
290 811 356 872 quo
372 810 473 871 saepe
493 792 591 854 modo
612 790 739 853 obsessi
758 791 793 852 in
812 790 1002 854 obsidentes
1018 800 1209 873 eruperunt,
1226 793 1272 854 ita

172 893 267 955 nobis
292 913 398 975 aequo
421 904 479 957 aut
502 896 617 976 iniquo
641 894 712 958 loco
736 895 916 957 dimicandi
943 896 1172 958 tantummodo
1196 915 1271 958 cum

172 996 266 1059 hoste
283 997 378 1077 copia
391 1006 487 1073 esset,
502 1018 568 1061 non
587 998 666 1059 mihi
683 997 814 1079 paterni
829 998 931 1060 animi
946 999 1075 1062 indoles
1087 1000 1121 1060 in
1135 999 1271 1062 consilio

172 1101 282 1163 dando
306 1101 446 1164 deesset.
489 1094 664 1183 ¹Equidem
689 1111 827 1165 mortem
852 1122 912 1183 pro
937 1102 1044 1184 patria
1067 1104 1271 1184 praeclaram
1293 1129 1323 1164 10

171 1224 245 1267 esse
266 1204 373 1267 fateor
393 1214 426 1268 et
445 1225 497 1267 me
513 1205 567 1268 vel
588 1205 752 1268 devovere
772 1226 832 1286 pro
852 1205 976 1287 populo
1000 1207 1153 1269 Romano
1174 1207 1273 1287 legio·

171 1307 335 1388 nibusque
347 1308 400 1371 vel
416 1309 449 1369 in
467 1309 593 1371 medios
613 1305 701 1394 [me]
722 1310 888 1372 inmittere
902 1309 1014 1372 hostes
1027 1319 1165 1391 paratus
1178 1330 1270 1386 sum;

172 1411 230 1474 sed
251 1411 303 1473 hic
320 1413 459 1492 patriam
476 1413 582 1488 video,
601 1412 653 1475 hic
673 1412 832 1494 quidquid
855 1415 1080 1476 Romanarum
1103 1415 1271 1496 legionum
1293 1435 1318 1470 11

171 1525 231 1590 est,
249 1534 343 1596 quae,
364 1517 427 1578 nisi
450 1537 510 1597 pro
535 1537 570 1580 se
593 1517 674 1598 ipsis
698 1517 740 1579 ad
765 1527 904 1580 mortem
928 1537 1023 1581 ruere
1047 1518 1171 1593 volunt,
1193 1518 1272 1599 quid

171 1619 297 1682 habent
318 1619 405 1701 quod
428 1628 532 1682 morte
555 1640 615 1683 sua
637 1621 794 1683 servent?
841 1622 962 1683 ‘Tecta
984 1620 1091 1684 urbis’
1109 1622 1197 1684 dicat
1218 1620 1272 1684 ali·
1293 1645 1322 1680 12

171 1723 245 1804 quis
274 1728 325 1786 ‘et
355 1725 486 1786 moenia
512 1733 546 1786 et
576 1744 649 1786 eam
680 1725 810 1787 turbam
843 1745 863 1787 a
893 1745 959 1806 qua
989 1725 1067 1787 urbs
1097 1724 1270 1788 incolitur.’

174 1827 281 1889 Immo
297 1827 430 1890 hercule
446 1828 631 1908 produntur
646 1849 686 1892 ea
702 1829 812 1891 omnia
828 1829 937 1892 deleto
954 1829 1016 1891 hoc
1032 1828 1186 1904 exercitu,
1205 1849 1272 1891 non

172 1940 355 1993 servantur.
403 1931 488 2014 Quis
504 1933 592 1994 enim
609 1952 649 1995 ea
665 1932 833 1995 tuebitur?
856 1931 986 1995 inbellis
1002 1932 1155 1995 videlicet
1172 1941 1271 2014 atque
1293 1956 1322 2006 13

171 2033 306 2097 inermis
323 2035 508 2098 multitudo.
556 2037 640 2098 Tam
655 2036 797 2111 hercule,
812 2055 910 2118 quam
928 2056 947 2098 a
961 2036 1131 2100 Gallorum
1144 2038 1271 2119 impetu

172 2137 331 2202 defendit.
382 2139 441 2201 An
465 2161 484 2202 a
507 2140 588 2203 Veis
612 2139 792 2203 exercitum
817 2140 1060 2223 Camillumque
1084 2140 1201 2203 ducem
1226 2141 1272 2201 in·
1293 2162 1322 2210 14

142 2239 145 2246 '
172 2241 372 2322 plorabunt?
408 2243 474 2305 Hic
496 2263 612 2305 omnes
632 2263 709 2324 spes
730 2263 878 2324 opesque
900 2254 986 2318 sunt,
1004 2263 1085 2324 quas
1108 2243 1271 2306 servando

171 2346 313 2426 patriam
337 2366 517 2421 servamus
538 2347 692 2409 dedendo
716 2347 758 2408 ad
782 2366 899 2410 necem
923 2347 1062 2428 patriam
1088 2345 1271 2410 deserimus

171 2468 211 2511 ac
235 2449 413 2530 prodimus
470 2451 537 2513 ‘At
560 2451 661 2514 foeda
685 2460 784 2531 atque
808 2449 1029 2530 ignominiosa
1053 2450 1177 2513 deditio
1200 2451 1270 2512 est’
1293 2471 1321 2524 ις

172 2552 240 2616 Sed
266 2573 306 2616 ea
334 2555 454 2616 caritas
482 2555 608 2635 patriae
634 2564 685 2617 est
712 2562 748 2615 ut
775 2562 843 2616 tam
869 2553 1050 2635 ignominia
1074 2573 1146 2617 eam
1172 2574 1271 2635 quam

171 2665 277 2720 morte
300 2667 422 2732 nostra,
444 2657 471 2719 si
495 2678 580 2740 opus
604 2657 654 2733 sit,
677 2677 855 2721 servemus.
904 2656 1071 2722 Subeatur
1094 2677 1174 2738 ergo
1198 2657 1271 2732 ista,
1293 2669 1323 2717 16

173 2826 361 2877 ...et=et
385 2841 438 2876 nrm
460 2864 466 2876 .
489 2864 495 2876 .
518 2865 524 2876 .
545 2829 587 2888 ιη
612 2824 644 2878 cf.
674 2838 695 2889 1,
747 2823 849 2878 second
865 2824 910 2876 vel
922 2822 970 2876 has
989 2823 1072 2876 taken
1090 2823 1136 2876 the
1152 2823 1228 2892 place
1245 2822 1276 2876 of

169 2918 196 2969 4,
215 2918 240 2969 4.
746 2920 782 2957 an
795 2905 907 2974 original
921 2910 955 2956 et.

216 3002 241 3047 9·
266 2986 395 3038 umetis:
417 2984 449 3038 cf.
464 3001 488 3053 3,
502 2984 693 3055 50‚6lr'berae.
792 3001 831 3036 11.
858 2998 905 3050 pro
926 2999 955 3036 se
976 2985 1061 3050 ipsis:
1088 2987 1133 3036 tle.
1157 2993 1273 3037 rosave

170 3067 332 3118 —indolest
346 3065 484 3128 boldness⁴3
498 3082 543 3118 see
556 3079 692 3132 on1,3,1
747 3064 911 3119 themselves
937 3064 1005 3118 from
1029 3064 1163 3134 disgrace.
1202 3065 1273 3117 Usu-

169 3145 226 3197 and
240 3144 273 3198 cf.
288 3162 313 3214 9,
326 3145 352 3210 6,
369 3159 406 3197 12.
747 3145 801 3214 ally
821 3145 935 3198 soldiers
956 3161 1024 3198 were
1045 3144 1130 3199 called
1150 3161 1223 3212 upon
1244 3153 1273 3197 to

216 3241 254 3276 ιο.
269 3227 415 3278 devovere:
433 3243 478 3278 see
492 3242 526 3278 on
542 3240 615 3295 5,41‚
626 3241 650 3293 3.
661 3255 697 3264 -
747 3225 867 3278 sacrifice
880 3225 951 3278 their
967 3226 1035 3278 lives
1053 3224 1093 3278 for
1108 3223 1178 3276 their
1191 3240 1273 3277 coun-

169 3308 213 3356 vel
234 3345 240 3356 .
264 3345 269 3356 .
294 3345 299 3356 .
320 3308 427 3359 hostes:
449 3323 479 3358 as
492 3306 546 3360 this
560 3306 649 3360 would
662 3307 696 3360 be
747 3314 804 3376 try;
826 3322 886 3358 now
899 3305 964 3375 they
977 3314 1048 3357 must
1064 3321 1189 3373 preserve
1202 3303 1274 3357 their

170 3385 298 3439 included
307 3386 334 3438 in
343 3387 474 3439 devovere
485 3386 696 3455 (see9‚17,13),
748 3385 815 3439 lives
852 3385 900 3438 but
936 3385 1055 3439 sacrifice
1093 3384 1196 3449 honor;
1236 3383 1271 3437 cf.

170 3465 247 3518 there
267 3466 290 3518 is
311 3483 348 3520 no
367 3475 488 3521 contrast
508 3467 630 3520 between
650 3466 696 3520 the
748 3468 762 3532 §
788 3481 828 3535 15·

170 3553 226 3599 two
239 3547 384 3601 members.
423 3550 491 3600 Two
506 3547 696 3615 explanations
793 3563 832 3608 14.
859 3559 894 3596 an
916 3585 922 3598 .
946 3585 952 3598 .
977 3586 982 3597 .
1005 3546 1193 3610 inplorabant:
1227 3561 1274 3600 see

171 3626 240 3678 have
264 3627 334 3680 been
358 3625 468 3689 offered,
479 3659 512 3666 -
523 3628 570 3679 the
595 3628 696 3681 second
749 3642 771 3696 5,
785 3627 827 3691 46,
841 3642 858 3692 4
870 3625 917 3690 ff.;
938 3625 970 3680 cf.
985 3641 1026 3692 22,
1040 3641 1064 3694 3,
1081 3640 1121 3678 ιο.

171 3706 292 3759 member
305 3707 327 3760 ls
340 3723 375 3760 an
393 3707 593 3776 interpolation,
608 3724 638 3760 or
651 3707 696 3760 the
793 3726 831 3780 ¹⁵·
858 3725 891 3768 ea
904 3730 927 3757 π
940 3707 1014 3762 talis.

696 3816 751 3895 ¹⁶3
