2914 4290
598 302 693 352 BOOK
717 303 793 352 XXX
995 329 996 334 κ
1052 301 1147 367 [Char.
1161 316 1200 366 30,
1213 316 1242 366 31

140 478 210 532 tam
232 463 308 532 esse
325 468 419 532 vobis
442 469 601 531 Punicam
620 469 731 530 fidem.
779 468 932 543 Multum,
954 488 1014 550 per
1035 489 1118 550 quos
1140 469 1244 550 petita

142 572 193 648 sit,
208 573 250 634 ad
266 572 365 634 fidem
380 573 523 635 tuendae
536 574 627 653 pacis
640 572 792 653 pertinet,
808 571 928 652 Scipio.
975 573 1088 636 Vestri
1100 594 1241 655 quoque,
1263 586 1294 636 28

142 687 178 738 ut
195 677 303 752 audio,
322 686 432 757 patres
450 697 516 740 non
536 675 618 738 nihil
635 676 734 739 etiam
752 675 794 738 ob
813 676 886 751 hoc,
904 677 981 757 quia
1001 697 1118 757 parum
1139 677 1243 759 digni·
1262 668 1267 677 ¹

141 782 218 842 tatis
232 782 264 843 in
282 781 448 861 legatione
461 789 540 854 erat,
555 789 763 861 negaverunt
779 799 894 860 pacem
908 801 969 843 :—
981 781 1153 844 Hannibal
1165 792 1243 864 peto
1261 809 1293 858 29

142 904 270 965 pacem,
285 885 341 966 qui
357 904 465 965 neque
482 893 640 966 peterem,
655 885 717 946 nisi
734 883 848 946 utilem
865 884 1044 959 crederem,
1057 895 1090 948 et
1106 895 1242 968 propter

142 988 283 1050 eandem
311 987 485 1051 utilitatem
514 987 631 1050 tuebor
658 1007 743 1063 eam,
772 996 908 1070 propter
934 1008 1032 1069 quam
1062 990 1150 1070 petii.
1199 991 1242 1052 Et
1260 1019 1293 1069 30

141 1112 241 1173 quem
258 1093 299 1154 ad
320 1092 463 1167 modum,
482 1093 559 1174 quia
579 1112 598 1154 a
617 1111 669 1154 me
689 1091 813 1154 bellum
833 1100 988 1172 coeptum
1005 1102 1065 1168 est,
1083 1113 1125 1156 ne
1142 1113 1241 1175 quem

141 1196 212 1259 eius
237 1196 430 1278 paeniteret,
454 1195 564 1277 quoad
592 1195 655 1276 ipsi
680 1195 827 1258 invidere
852 1195 913 1269 dei,
938 1197 1096 1276 praestiti,
1119 1197 1165 1260 ita
1188 1198 1241 1260 ad-

140 1301 236 1374 nitar,
254 1320 412 1380 nequem
430 1300 522 1380 pacis
540 1318 599 1380 per
615 1319 667 1362 me
684 1308 800 1380 partae
817 1299 1014 1380 paeniteat.”

186 1421 235 1479 31.
269 1404 443 1466 Adversus
474 1403 557 1465 haec
588 1402 767 1484 imperator
796 1403 968 1465 Romanus
995 1405 1028 1465 in
1056 1405 1143 1468 hanc
1170 1406 1241 1469 fere
1279 1429 1288 1464 1

140 1509 341 1570 sententiam
365 1507 555 1588 respondit:
591 1508 701 1569 “Non
727 1526 780 1569 me
808 1506 955 1583 fallebat,
982 1508 1163 1585 Hannibal,
1188 1511 1241 1573 ad-

140 1622 261 1680 ventus
282 1612 330 1673 tui
352 1631 412 1692 spe
435 1609 729 1691 Carthaginienses
751 1618 784 1672 et
807 1620 1017 1691 praesentem
1040 1612 1240 1676 indutiarum

141 1715 239 1777 fidem
257 1724 289 1777 et
306 1734 399 1795 spem
418 1715 509 1795 pacis
526 1713 696 1790 turbasse;
721 1734 829 1796 neque
845 1725 881 1777 tu
897 1715 930 1777 id
947 1735 1027 1778 sane
1041 1717 1238 1792 dissimulas,
1276 1747 1291 1783 2

140 1819 198 1902 qui
225 1819 267 1881 de
294 1818 543 1881 condicionibus
565 1817 790 1900 superioribus
814 1819 906 1900 pacis
929 1819 1040 1882 omnia
1064 1819 1240 1884 subtrahas

142 2015 235 2085 Scipio
254 2034 300 2070 see
319 2033 356 2070 on
376 2025 418 2084 3'0,
432 2031 474 2084 31,
488 2017 664 2068 2.-nimis:
717 2015 872 2085 spicuously
885 2016 1033 2070 successful
1049 2034 1080 2071 or
1097 2018 1196 2088 happy.
1207 2051 1242 2062 -

140 2114 225 2165 very3
245 2114 291 2150 see
307 2115 343 2151 on
365 2111 387 2162 1,
403 2112 427 2163 a,
446 2113 461 2164 3
476 2098 569 2149 nr'nn'a.
580 2114 666 2152 -νο-
716 2097 859 2160 praestiti:
881 2100 901 2148 l
909 2098 1018 2150 enarrari
1028 2099 1133 2169 nnself.

140 2179 199 2230 bis:
225 2179 282 2231 dat.
309 2176 340 2230 os
360 2185 458 2247 agent,
488 2195 534 2230 see
560 2194 597 2230 on
625 2192 666 2242 21,
760 2177 808 2228 ³1.
838 2193 859 2228 1.
887 2178 915 2228 in
946 2217 951 2228 .
983 2218 989 2229 .
1022 2218 1027 2229 .
1057 2181 1239 2232 sententiam:

140 2272 185 2326 34,
215 2259 386 2327 9.-pacis:
419 2257 474 2327 obj.
505 2274 569 2327 gen.
602 2257 667 2310 with
716 2274 762 2309 see
782 2274 818 2309 on
839 2270 864 2323 7,
883 2273 925 2324 30,
946 2260 1153 2311 1.—adventus
1174 2299 1180 2310 .
1203 2300 1239 2312 ..

140 2339 238 2408 fidem.
715 2339 855 2388 turbasse:
876 2338 911 2391 cf.
925 2354 968 2405 30,
981 2353 1023 2407 29,
1041 2353 1106 2408 5.—
1117 2354 1242 2404 praesen·

186 2426 227 2470 28.
254 2433 374 2484 quoque:
405 2420 445 2472 ia.
472 2434 539 2488 your
564 2426 667 2482 senate,
716 2419 788 2470 tem:
808 2419 939 2487 agreeing
954 2418 1112 2487 withfidem
1125 2420 1241 2474 because

141 2507 198 2564 too,
217 2516 272 2552 was
293 2499 324 2553 of
340 2498 388 2553 the
408 2498 521 2567 opinion
545 2498 633 2552 which
655 2499 665 2550 l
717 2498 895 2550 andatrarmn
906 2499 995 2566 fidem
1016 2501 1040 2552 is
1059 2501 1192 2570 regarded
1210 2519 1241 2555 as

141 2581 211 2633 have
228 2580 284 2649 just
304 2579 562 2649 expressed.—non
579 2580 665 2630 nihil:
717 2593 733 2629 a
746 2577 834 2647 single
848 2578 924 2645 idea3
941 2597 987 2633 see
999 2597 1037 2633 on
1052 2594 1075 2646 1,
1086 2577 1097 2632 v1
1102 2619 1109 2647 ,
1119 2595 1137 2647 4
1146 2598 1242 2634 rernm
1258 2602 1260 2606 ’

141 2660 299 2714 someaalrat,
717 2660 807 2709 taratra.

187 2758 229 2803 29.
256 2741 408 2792 Hannibal:
429 2739 457 2792 in
477 2739 553 2809 place
568 2738 600 2792 of
615 2754 668 2808 ego,
762 2755 786 2789 2.
813 2741 846 2790 de
872 2740 1072 2792 condicionibus
1099 2743 1242 2807 superiori-

141 2822 190 2875 the
210 2837 291 2873 name
305 2819 411 2890 ¹calling
429 2837 505 2874 more
524 2819 626 2889 vividly
640 2828 668 2872 to
718 2822 782 2870 bus:
811 2819 903 2888 Scipio
925 2820 979 2873 had
1002 2820 1104 2875 offered
1125 2823 1171 2876 the
1193 2822 1243 2877 fol·

143 2902 220 2955 mind
242 2901 285 2954 his
305 2900 434 2969 position,
455 2900 498 2954 his
520 2900 668 2966 character,
718 2901 818 2970 lowing
849 2910 957 2954 terms:
992 2917 1034 2969 30,
1074 2903 1113 2969 16,
1150 2918 1182 2955 ιο
1210 2903 1240 2958 ff.

142 2983 198 3036 and
218 2981 261 3035 his
276 2998 368 3050 power
380 2998 445 3034 over
457 2980 499 3032 his
517 2981 670 3049 people.—
717 2983 841 3049 captivos
862 2987 888 3033 et
903 2981 1042 3051 perflrgas
1063 2989 1088 3035 et
1104 2983 1243 3055 fngz'tz'vos

142 3077 229 3128 neque
243 3085 267 3107 =
280 3068 306 3114 et
330 3078 394 3127 nan,
419 3061 466 3114 the
493 3060 668 3130 conjunction
718 3063 886 3124 restatuant3
908 3064 1040 3115 exercitas
1061 3079 1096 3115 ex
1114 3064 1199 3118 Italia
1218 3072 1244 3119 et

144 3141 227 3212 being
247 3141 405 3195 correlative
421 3140 484 3193 with
504 3141 551 3194 the
568 3140 670 3194 follow·
722 3141 815 3194 Gallz'a
832 3143 985 3206 dedncant,·
1004 3144 1149 3212 Hispania
1162 3146 1244 3198 absti-

143 3222 192 3292 ing
204 3228 248 3285 et;
267 3239 313 3275 see
327 3238 364 3275 on
379 3236 401 3287 1,
414 3235 439 3287 4,
452 3235 478 3286 4.
719 3227 823 3285 neant,·
836 3222 935 3275 ansulis
946 3224 1078 3289 omnibus,
1089 3242 1159 3293 qnae
1170 3227 1245 3279 inter

188 3321 231 3369 3ο.
258 3304 346 3367 quoad
367 3341 373 3352 .
397 3340 402 3352 .
426 3341 431 3352 .
457 3301 516 3354 dei:
537 3301 612 3354 until
626 3302 672 3354 tae
720 3302 834 3354 Italram
850 3308 932 3370 atque
948 3304 1079 3373 Africam
1096 3306 1245 3371 scandere-

144 3398 213 3451 very
218 3383 287 3452 gods
299 3398 372 3434 were
380 3384 503 3448 calvinus,
513 3382 568 3435 and
582 3382 672 3436 there·
720 3383 791 3434 dant
799 3401 808 3446 ,·
824 3399 908 3435 naves
918 3383 1012 3452 langas
1019 3387 1136 3453 praeter
1145 3389 1248 3456 vaganti

145 3463 203 3518 fore
223 3463 343 3533 brought
366 3463 482 3515 disaster
505 3479 580 3530 upon
598 3461 669 3527 him3
720 3479 813 3515 onmes
835 3463 960 3525 tradant,
981 3466 1070 3516 tritici
1087 3467 1246 3536 quingenta,

145 3547 166 3597 it
180 3561 235 3598 was
248 3561 264 3596 a
277 3560 406 3596 common
421 3542 505 3595 belief
519 3541 550 3596 of
566 3543 672 3596 Greeks
720 3543 817 3596 hordei
824 3548 943 3595 trecenta
952 3544 1030 3596 rra'lza
1040 3546 1173 3598 madium.
1198 3549 1247 3610 Pe-

145 3624 200 3678 and
212 3627 337 3677 Romans
348 3625 406 3676 that
415 3622 461 3675 the
472 3623 542 3692 gods
554 3621 672 3692 brought
721 3625 818 3674 cuniae
841 3640 979 3676 rzrrnmam
998 3631 1135 3693 quantana
1164 3629 1248 3697 impe·

146 3704 254 3758 trouble
279 3711 308 3758 to
333 3704 413 3757 those
436 3703 496 3756 who
518 3719 588 3756 were
608 3721 673 3756 con·
722 3705 839 3768 raverit,
866 3707 973 3771 param
1007 3709 1149 3770 convenil,
1183 3707 1252 3760 alibi

672 3827 727 3885 325
