2922 4296
615 321 713 374 soor<
735 322 749 372 1
1089 319 1187 387 [cun.
1199 319 1232 371 28

117 509 191 553 meo
208 489 340 553 Albani
356 489 490 554 subiere
505 488 549 553 ad
572 498 712 563 montes,
729 508 792 551 nec
815 485 991 569 imperium
1015 487 1096 550 illud
1120 507 1229 550 meum
1259 493 1263 499 ’

117 594 177 656 sed
198 595 380 657 consilium
402 604 437 658 et
460 592 578 675 imperi
602 592 767 656 simulatio
791 592 864 666 fuit,
883 600 919 654 ut
941 612 1002 654 nec
1019 591 1122 667 vobis,
1140 591 1232 673 igno

117 697 269 761 rantibus
286 698 400 762 deseri
416 718 486 774 vos,
500 707 705 761 averteretur
721 716 740 758 a
756 695 937 759 certamine
953 695 1092 771 animus,
1110 705 1143 758 et
1159 695 1231 758 hos

116 801 215 876 tibus,
228 800 467 865 circumveniri
478 821 514 865 se
524 801 565 863 ab
574 810 668 881 tergo
679 800 768 874 ratis,
780 809 885 862 terror
897 819 936 862 ac
948 799 1032 880 fuga
1043 799 1229 862 iniceretur.

119 904 192 969 Nec
209 924 250 968 ea
267 906 371 987 culpa
388 923 488 988 quam
505 924 609 985 arguo
625 905 775 968 omnium
791 902 1001 965 Albanorum
1017 912 1087 979 est;
1112 902 1231 965 ducem
1266 909 1282 958 6

117 1004 224 1068 secuti
244 1015 336 1082 sunt,
354 1004 392 1068 ut
407 1014 442 1068 et
455 1024 525 1080 vos,
543 1005 571 1067 si
590 1024 656 1086 quo
675 1022 739 1084 ego
758 1002 835 1066 inde
855 1022 976 1083 agmen
996 1002 1163 1066 declinare
1179 1022 1231 1065 vo-

118 1107 267 1185 luissem,
290 1110 470 1173 fecissetis.
519 1107 658 1171 Mettius
682 1106 737 1170 ille
761 1116 813 1170 est
835 1105 952 1169 ductor
975 1105 1101 1169 itineris
1123 1105 1230 1182 huius,

120 1213 262 1301 Mettius
281 1213 375 1276 idem
395 1213 493 1275 huius
513 1211 721 1276 machinator
739 1210 827 1285 belli,
847 1211 986 1273 Mettius
1002 1209 1147 1273 foederis
1168 1211 1232 1272 Ro

119 1317 211 1378 mani
227 1315 426 1399 Albanique
443 1325 567 1397 ruptor.
615 1314 751 1377 Audeat
769 1312 890 1378 deinde
908 1313 987 1376 talia
1007 1313 1099 1390 alius,
1117 1313 1180 1376 nisi
1198 1313 1232 1375 in

120 1419 210 1482 hunc
226 1420 363 1502 insigne
375 1420 440 1482 iam
453 1419 689 1482 documentum
703 1417 898 1481 mortalibus
911 1417 1065 1481 dedero.”
1112 1417 1234 1482 Centu·
1269 1431 1283 1482 7

119 1523 232 1587 tiones
249 1525 372 1587 armati
389 1524 545 1587 Mettium
561 1523 817 1586 circumsistunt.
865 1522 937 1584 Rex
953 1531 1072 1596 cetera,
1086 1530 1124 1584 ut
1138 1542 1233 1585 orsus

120 1636 201 1704 erat,
224 1629 380 1710 peragit:
406 1628 533 1710 “Quod
556 1628 680 1691 bonum
704 1626 853 1689 faustum
877 1625 1023 1707 felixque
1044 1624 1086 1688 sit
1107 1626 1231 1707 populo

123 1731 282 1795 Romano
303 1751 341 1795 ac
359 1731 440 1794 mihi
456 1731 627 1813 vobisque,
649 1729 782 1805 Albani,
800 1729 961 1811 populum
978 1749 1111 1792 omnem
1131 1729 1232 1792 Alba-

121 1855 201 1897 num
224 1837 372 1899 Romam
391 1835 566 1899 traducere
584 1836 618 1896 in
640 1835 751 1897 animo
767 1843 828 1910 est,
845 1833 1012 1896 civitatem
1032 1833 1112 1896 dare
1133 1832 1232 1914 plebi,

122 1938 290 2019 primores
305 1939 339 2001 in
352 1950 464 2019 patres
481 1939 601 2021 legere,
616 1957 716 2001 unam
730 1938 855 2014 urbem,
870 1957 970 2000 unam
983 1957 1051 2000 rem
1066 1937 1233 2019 publicam

122 2042 247 2107 facere.
295 2044 342 2106 Vt
357 2062 397 2105 ex
413 2063 480 2106 uno
494 2042 661 2125 quondam
674 2043 708 2104 in
721 2042 805 2104 duos
822 2042 963 2122 populos
979 2041 1085 2104 divisa
1101 2041 1235 2104 Albana

123 2166 176 2208 res
193 2156 256 2222 est,
276 2145 321 2209 sic
339 2148 476 2209 nuncin
493 2166 596 2209 unum
613 2144 758 2209 redeat.''
805 2144 862 2206 Ad
881 2145 962 2207 haec
979 2144 1112 2208 Albana
1129 2144 1235 2226 pubes
1270 2158 1285 2206 8

122 2250 262 2314 inermis
281 2250 324 2313 ab
343 2251 479 2313 armatis
497 2259 623 2331 saepta,
641 2249 675 2312 in
693 2249 793 2311 variis
811 2247 1047 2324 voluntatibus,
1068 2249 1236 2311 communi

124 2363 240 2417 tamen
257 2363 346 2418 metu
363 2362 514 2436 cogente,
532 2353 698 2418 silentium
718 2361 819 2416 tenet.
865 2353 953 2415 Tum
972 2352 1089 2415 Tullus
1107 2353 1236 2415 “Metti
1270 2368 1285 2416 9

125 2595 250 2662 pressed,
268 2612 298 2649 as
317 2595 365 2648 boc
382 2596 440 2649 dico
457 2612 489 2650 or
506 2597 654 2649 audria-
707 2593 741 2649 of
760 2594 807 2648 the
829 2594 906 2648 three
929 2594 1021 2649 verbal
1044 2612 1148 2662 nouus,
1176 2595 1235 2649 first

126 2676 211 2728 illud:
232 2676 338 2746 subject
351 2675 461 2747 offuit,
475 2685 504 2729 to
517 2676 553 2729 be
570 2676 653 2729 taken
707 2674 801 2729 before
838 2675 885 2728 the
922 2675 1080 2744 dependent
1114 2677 1234 2746 genitive

127 2754 156 2807 in
165 2763 221 2810 two
231 2773 326 2809 senses
341 2774 347 2822 ς
363 2755 429 2808 with
438 2755 568 2825 thepred.
578 2773 652 2809 nom.
707 2756 815 2824 phrase,
829 2754 896 2808 then
909 2754 938 2807 in
951 2754 998 2810 the
1016 2755 1127 2822 middle,
1140 2756 1234 2826 finally

126 2836 275 2904 imperium
285 2837 306 2889 it
316 2851 410 2889 means
419 2835 465 2888 tlte
473 2835 657 2889 withdrawal
707 2835 776 2888 after
794 2835 989 2888 it.—-audeat:
1011 2834 1182 2905 subjunctive
1202 2836 1234 2891 of

127 2916 343 2984 os'tlzoAlbans3
358 2914 574 2968 withconsz'lium
593 2954 599 2967 .
619 2954 652 2967 ..
707 2915 1015 2970 wish.—mortalibus:
1059 2915 1128 2986 Livy
1169 2933 1234 2970 con·

127 2996 274 3063 simulatio,
290 2996 368 3050 what
385 2998 406 3048 I
419 2995 485 3048 sotii
495 2995 574 3049 when
592 2996 653 3066 thoy
707 2995 811 3066 stantly
819 3014 881 3050 uses
892 2996 1021 3050 mortales
1033 3012 1064 3049 as
1076 3014 1112 3049 an
1125 2997 1234 3065 equiva-

127 3077 318 3130 witltdrow.-
326 3077 486 3130 consilium:
500 3077 590 3130 device
597 3095 606 3141 ,·
619 3076 652 3131 cf.
707 3075 764 3128 lent
778 3076 809 3129 of
816 3077 947 3130 homines.

131 3157 406 3225 1,16‚5.-utnee:
427 3158 651 3229 noc(=etnon)
753 3172 777 3220 7.
803 3160 948 3223 populum:
987 3156 1130 3227 including
1158 3158 1235 3227 plebs

129 3235 151 3289 is
165 3236 322 3290 correlative
336 3238 400 3291 with
413 3243 447 3304 et,
459 3237 516 3291 and
533 3236 579 3290 the
595 3237 653 3289 first
707 3237 1056 3306 andprz'mores.—-patres
1066 3256 1071 3290 :
1082 3238 1233 3291 mesenate.

128 3316 218 3370 clause
249 3317 272 3370 is
303 3334 357 3371 one
386 3317 418 3372 of
446 3316 580 3388 negative,
606 3317 654 3370 the
706 3320 857 3369 -urbemz
877 3318 1000 3387 thocity,·
1013 3320 1231 3383 rempublicam:

128 3398 231 3451 second
249 3397 282 3451 of
297 3396 464 3465 affirmative,
482 3413 655 3466 purpose-
706 3397 752 3449 tlo
763 3398 829 3465 body
836 3398 941 3466 politic.

127 3479 220 3530 vobis:
242 3494 339 3531 seeon
354 3492 376 3545 1,
390 3477 653 3547 5,6Numitori.-
752 3484 775 3528 8.
800 3481 901 3542 pubes:
934 3494 980 3531 see
1005 3495 1041 3531 on
1070 3493 1092 3545 1,
1118 3478 1143 3543 6,
1168 3493 1234 3530 1.—

128 3556 210 3622 iuga:
231 3573 279 3611 see
291 3573 329 3611 on
342 3571 384 3623 21,
397 3573 439 3626 29,
453 3574 477 3626 3.
707 3559 849 3610 silentium
872 3562 964 3612 tenet:
992 3559 1025 3611 cf.
1048 3557 1094 3611 the
1119 3559 1231 3611 intrans.

170 3645 196 3690 6.
223 3651 289 3690 nec:
309 3654 355 3690 see
370 3654 406 3690 on
423 3652 445 3701 1,
458 3650 499 3703 27,
516 3639 653 3690 1.-duc·
706 3655 756 3692 use
775 3639 805 3691 ol
822 3639 869 3691 the
888 3640 987 3707 phrase
1006 3638 1034 3690 in
1052 3655 1076 3707 3,
1089 3652 1132 3704 47,
1145 3639 1162 3691 6
1177 3638 1233 3691 and

127 3721 169 3771 tor
189 3757 196 3769 .
218 3756 226 3770 .
249 3756 256 3769 .
276 3720 383 3781 ruptor:
401 3725 465 3771 note
475 3718 522 3769 the
532 3715 654 3786 position
707 3735 754 3772 see
769 3732 791 3783 1,
808 3718 847 3783 16,
861 3734 876 3770 a
889 3719 1028 3771 solentium
1040 3719 1164 3771 obtzizuit.

660 3840 699 3900 53
