2914 4290
248 309 331 360 Char.
345 305 389 375 32]
580 307 792 359 SELECTIONS
816 309 913 359 FROM
937 308 1020 359 LIVY

250 474 307 538 sed
324 473 554 556 expectatione
571 475 680 550 erecti,
699 476 755 556 qui
771 473 892 537 deinde
908 483 1014 536 status
1031 474 1163 536 tuturus
1181 473 1355 551 Graeciae,

249 598 334 660 quae
352 599 412 640 sua
428 579 563 640 fortuna
579 587 685 654 esset;
703 578 758 640 alii
774 579 838 640 alia
854 597 922 640 non
939 579 1031 640 taciti
1048 579 1155 640 solum
1172 578 1356 660 opinaban-

249 691 302 744 tur
319 683 377 744 sed
394 681 602 744 sermonibus
618 683 717 744 etiam
735 682 888 745 ferebant
914 683 1085 744 Romanos
1106 683 1276 759 facturos3
1301 683 1356 744 vix

215 813 231 860 4
250 787 403 867 cuiquam
421 785 684 867 persuadebatur
701 785 842 849 Graecia
861 787 950 848 omni
970 805 1134 848 cessuros.
1180 786 1237 848 Ad
1262 807 1356 867 spec-

249 890 395 953 taculum
413 889 643 965 consederant,
655 899 689 952 et
705 910 826 971 praeco
843 909 919 952 cum
935 889 1091 965 tubicine,
1106 898 1141 951 ut
1157 909 1229 952 mos
1245 899 1307 964 est,
1319 892 1354 951 in

249 993 526 1067 mediamaream,
541 994 629 1056 unde
643 994 795 1056 sollemni
808 993 953 1056 carmine
966 993 1129 1056 ludicrum
1142 994 1244 1056 indici
1256 995 1353 1071 solet,

217 1119 229 1172 5
251 1100 411 1179 processit
434 1107 467 1160 et
490 1097 570 1160 tuba
595 1098 725 1160 silentio
749 1098 840 1160 facto
864 1097 910 1160 ita
934 1098 1146 1179 pronuntiat:
1175 1097 1355 1162 “Senatus

252 1205 423 1265 Romanus
439 1217 472 1265 et
493 1203 531 1264 T.
551 1201 727 1283 Quinctius
749 1203 939 1283 imperator,
958 1201 1113 1282 Philippo
1136 1221 1217 1282 rege
1242 1203 1355 1266 Mace-

249 1307 456 1388 donibusque
487 1306 635 1381 devictis,
660 1307 791 1382 liberos,
822 1305 985 1381 inmunes,
1018 1307 1086 1368 suis
1117 1305 1246 1386 legibus
1278 1327 1355 1370 esse

156 1394 162 1406 ’
249 1409 339 1474 iubet
363 1411 562 1485 Corinthios,
582 1411 781 1485 Phocenses,
801 1410 1054 1492 Locrensesque
1077 1409 1185 1474 omnis
1208 1420 1242 1473 et
1265 1410 1355 1474 insu·

250 1515 314 1576 lam
329 1515 499 1577 Euboeam
513 1525 546 1577 et
561 1517 749 1596 Magnetas
761 1514 951 1590 Thessalos,
967 1514 1182 1590 Perrhaebos,
1195 1513 1354 1578 Achaeos

216 1618 454 1680 oPhthiotas”
503 1619 741 1682 Percensuerat
764 1617 872 1681 omnis
893 1620 1012 1699 gentis,
1030 1638 1116 1700 quae
1140 1618 1201 1694 sub
1221 1621 1354 1682 dicione

251 1722 394 1804 Philippi
411 1722 499 1804 regis
516 1723 657 1786 fuerant.
706 1723 833 1785 Audita
848 1743 930 1785 voce
951 1724 1125 1806 praeconis
1147 1723 1252 1786 maius
1274 1744 1354 1804 gau·
1441 1803 1442 1806 Ἴ

217 1842 231 1894 7
249 1827 340 1888 dium
356 1827 421 1890 fuit
436 1848 536 1909 quam
553 1827 641 1909 quod
658 1829 848 1890 universum
872 1827 1025 1890 homines
1041 1827 1239 1908 acciperent.
1287 1828 1354 1892 Vix

248 2017 489 2085 tipice-deinde
504 2036 510 2068 :
525 2017 608 2087 from
627 2017 689 2069 that
709 2019 775 2069 time
823 2016 889 2070 free.
904 2023 1093 2074 —inmunesz
1137 2025 1248 2086 exempt
1281 2017 1353 2070 from

248 2099 420 2149 ora—alia:
445 2097 501 2168 obj.
524 2097 705 2168 olfacimus,
726 2097 773 2150 the
824 2097 962 2164 taxation;
984 2099 1354 2167 cf.21‚45‚5.-suislegi-

250 2177 305 2230 ind.
317 2178 384 2231 disc.
397 2179 480 2247 being
489 2178 649 2231 introduced
660 2179 696 2247 by
705 2178 773 2231 both
823 2185 888 2234 bus:
922 2179 1063 2248 repeating
1094 2178 1246 2232 somewhat
1275 2196 1353 2232 more

249 2257 338 2323 verbs,
350 2259 539 2328 opinabantur
551 2258 753 2329 andferebant.
823 2257 963 2328 definitely
982 2259 1029 2311 the
1047 2259 1109 2312 idea
1128 2259 1160 2312 of
1177 2259 1292 2323 lr'beros;
1313 2259 1350 2312 cf.

292 2361 316 2406 4.
339 2345 374 2394 ad
393 2345 593 2408 spectaculum:
614 2339 648 2392 cl.
669 2354 710 2404 21,
730 2353 773 2404 42,
823 2354 866 2406 33,
879 2354 921 2407 30,
939 2354 947 2390 ι
964 2338 981 2390 f.
997 2343 1060 2408 pax
1078 2340 1146 2392 data
1167 2340 1299 2408 Philippo
1319 2343 1352 2392 in

252 2434 435 2476 1.—aream:
468 2420 514 2472 the
539 2419 773 2475 stadium-sol·
822 2420 874 2471 has
886 2421 953 2488 leges
965 2429 1013 2483 est,
1026 2425 1057 2472 ut
1070 2437 1162 2472 ovines
1180 2421 1352 2497 Graecorum
1440 2443 1441 2460 ÷

249 2507 334 2555 lemni
346 2506 479 2556 carmine:
500 2503 530 2552 in
543 2501 705 2553 established
707 2502 773 2571 for·
822 2503 956 2566 civitates,
969 2518 1039 2569 quas
1053 2503 1083 2553 in
1097 2503 1213 2569 Europa
1229 2502 1352 2570 quaeque

249 2583 344 2646 νηπίω
363 2582 403 2634 sor
413 2583 460 2635 the
471 2581 600 2651 meaning
611 2580 642 2635 os
647 2581 775 2633 sollemni
823 2583 852 2633 in
866 2581 938 2633 Asia
955 2586 1048 2647 essent,
1062 2581 1214 2634 libertatem
1233 2599 1265 2634 ac
1283 2600 1352 2635 suas

249 2679 295 2715 see
308 2679 343 2714 on
358 2678 382 2730 3,
396 2663 438 2730 36,
452 2679 477 2731 3.
822 2661 952 2715 haberent
975 2662 1051 2730 leges.
1064 2667 1198 2719 —iubetz
1233 2663 1275 2717 for
1302 2664 1351 2716 the

293 2762 316 2809 5.
340 2751 466 2798 senatus:
505 2743 699 2812 theoretically,
726 2744 773 2797 the
811 2743 944 2812 ,singular
958 2742 1023 2796 verb
1040 2760 1087 2796 see
1100 2761 1136 2797 on
1153 2759 1173 2810 1,
1187 2761 1211 2812 3,
1228 2745 1352 2796 1.—Lo-

249 2824 321 2893 right
337 2832 365 2877 to
380 2824 486 2877 declare
501 2841 555 2876 war
569 2824 623 2877 and
639 2825 773 2878 conclude
823 2841 981 2893 crenseeque
997 2830 1102 2880 omnis:
1127 2825 1253 2890 Ozolian,
1267 2825 1351 2894 Epic-

248 2921 330 2973 peace
348 2905 484 2974 belonged
502 2914 531 2958 to
547 2905 594 2958 the
610 2906 722 2974 people3
744 2906 772 2957 in
823 2904 971 2970 nemidian,
997 2905 1052 2958 and
1084 2907 1351 2974 Opuntian.-Per-

249 2986 374 3053 practice,
393 2987 459 3039 both
478 2986 620 3055 questions
640 3005 707 3040 were
726 2987 773 3039 de·
822 2992 951 3042 thaebos:
972 2986 1000 3038 in
1014 2986 1144 3039 southern
1158 2987 1350 3056 Thessaly.-

249 3066 328 3119 cided
351 3067 452 3136 hythe
474 3076 578 3121 senate.
617 3069 679 3121 Val.
696 3071 771 3121 Max.
823 3074 944 3123 Achaeos
968 3072 1129 3124 Phthiotas:
1153 3067 1297 3120 southeast
1318 3068 1351 3121 os

248 3160 273 3210 4,
297 3147 321 3210 8,
345 3161 358 3215 5
386 3147 435 3199 has
463 3153 575 3199 senatus
598 3148 774 3217 populusque
824 3147 969 3217 Thessaly.
1009 3150 1041 3200 ln
1058 3165 1099 3216 33,
1115 3161 1157 3215 34,
1173 3148 1190 3199 6
1205 3147 1253 3200 the
1271 3150 1351 3201 Ores-

248 3229 400 3294 Romanus‚
423 3228 479 3280 and
506 3247 538 3281 so
566 3229 769 3298 Appiam-T.
824 3237 867 3282 tae
889 3229 943 3280 and
969 3229 1094 3297 Dolopes
1119 3228 1177 3281 also
1201 3244 1248 3281 are
1274 3245 1350 3282 men·

248 3313 404 3378 Quinctius:
432 3310 467 3361 T.
490 3309 633 3376 Quinctius
653 3309 773 3362 Flamin·
824 3308 928 3363 tioned.

248 3388 317 3456 inus,
343 3389 439 3442 consul
470 3389 498 3440 in
534 3391 581 3458 198
613 3390 668 3442 and
699 3407 773 3443 com·
867 3401 890 3445 6.
916 3395 1005 3446 omnis
1028 3394 1134 3460 gentis:
1164 3389 1243 3442 other
1263 3397 1349 3444 states

248 3470 362 3523 mandet
374 3470 402 3522 in
419 3469 465 3522 the
479 3470 583 3523 second
597 3487 650 3522 war
664 3472 773 3540 against
823 3471 911 3524 which
934 3472 989 3524 had
1011 3471 1082 3524 been
1100 3471 1129 3523 in
1149 3471 1265 3524 alliance
1283 3471 1349 3524 with

247 3549 338 3619 Philip
356 3550 388 3603 of
403 3551 548 3614 Macedon,
566 3551 654 3604 whom
674 3551 708 3604 he
727 3551 773 3605 de·
824 3552 914 3621 Philip
926 3552 980 3604 had
996 3551 1106 3621 already
1119 3551 1189 3605 been
1205 3569 1268 3605 won
1284 3569 1350 3606 over

247 3629 337 3683 seated
355 3640 382 3683 at
399 3631 622 3700 Cynoscephalae
641 3632 668 3683 in
684 3632 773 3685 Thes·
822 3632 859 3702 by
873 3633 1042 3686 Flamininus
1064 3650 1095 3685 or
1117 3632 1171 3685 had
1194 3631 1265 3685 been
1286 3632 1349 3686 sub-

248 3711 305 3777 saly
319 3711 346 3761 in
371 3726 426 3778 ¹97·
438 3718 595 3768 -liberosz
624 3712 773 3781 politically
823 3713 904 3765 dued.
915 3732 1039 3782 -quam
1058 3756 1063 3768 .
1079 3757 1084 3768 .
1102 3754 1107 3764 .
1124 3718 1294 3782 acciperent:
1315 3713 1348 3766 cf.

770 3838 826 3892 332
