2966 4294
585 298 680 350 BOOK
703 298 792 349 XXIV
1094 299 1189 368 [Crisa.
1205 317 1238 367 34

135 467 193 544 Hi,
211 468 289 549 quia
308 467 415 549 spatio
436 465 614 528 missilibus
634 486 718 547 opus
742 475 802 542 est,
820 469 936 549 procul
960 489 1053 532 muro
1077 470 1236 533 tenebant
1271 483 1287 532 6

132 591 247 634 naves.
296 571 435 633 Iunctae
458 570 543 633 aliae
566 569 664 632 binae
692 569 957 652 quinqueremes,
982 572 1126 654 demptis
1153 572 1236 636 inte-

133 675 275 738 rioribus
299 674 407 750 remis,
432 683 468 736 ut
492 675 577 736 latus
602 673 696 737 lateri
719 672 950 757 adplicaretur,
975 697 1050 740 cum
1075 676 1236 741 exteriore
1272 693 1286 745 7

133 779 250 842 ordine
266 797 430 841 remorum
448 778 538 840 velut
553 796 620 839 una
639 777 734 840 navis
751 789 937 860 agerentur,
955 789 1062 843 turres
1080 780 1236 851 contabu-

133 883 219 945 latas
245 881 580 963 machinamentaque
607 880 670 943 alia
697 881 884 964 quatiendis
914 884 1016 946 muris
1047 883 1234 967 portabant.

134 985 308 1050 Adversus
340 987 425 1049 hunc
457 985 609 1048 navalem
640 996 837 1067 apparatum
871 986 1092 1052 Archimedes
1125 988 1236 1051 variae
1271 995 1286 1044 8

134 1089 373 1172 magnitudinis
399 1098 565 1153 tormenta
591 1088 625 1151 in
651 1090 752 1152 muris
777 1090 948 1172 disposuit.
997 1091 1037 1153 In
1065 1112 1122 1154 eas
1150 1112 1236 1174 quae
1352 1086 1355 1091 ’

134 1193 250 1276 procul
277 1203 373 1256 erant
399 1194 494 1256 navis
518 1213 597 1256 saxa
623 1192 751 1274 ingenti
779 1195 926 1276 pondere
953 1194 1135 1271 emittebat,
1164 1216 1236 1278 pro·
1317 1245 1319 1250 .

135 1297 246 1380 piores
269 1297 446 1360 levioribus
470 1317 577 1380 eoque
601 1295 707 1378 magis
730 1296 855 1360 crebris
878 1297 1015 1380 petebat
1037 1299 1130 1376 telis;
1163 1320 1236 1382 pos
1270 1317 1286 1367 9

134 1411 250 1477 trem0,
280 1411 315 1464 ut
342 1400 393 1463 sui
418 1401 554 1463 volnere
581 1401 697 1464 intacti
723 1401 789 1464 tela
815 1403 847 1464 in
877 1402 1006 1465 hostem
1034 1403 1234 1484 ingererent,

134 1525 265 1568 murum
282 1504 324 1567 ab
345 1504 411 1566 imo
431 1505 472 1566 ad
492 1524 657 1567 summum
682 1504 805 1568 crebris
829 1488 1028 1569 cubitalibus
1051 1507 1123 1570 fere
1146 1507 1236 1571 cavis

134 1610 272 1691 aperuit,
290 1628 350 1691 per
365 1628 450 1690 quae
466 1628 549 1671 cava
570 1629 647 1690 pars
666 1608 806 1690 sagittis,
824 1630 901 1691 pars
920 1611 1150 1693 scorpionibus
1172 1632 1237 1675 mo-

134 1712 217 1776 dicis
240 1732 280 1775 ex
303 1713 432 1776 occulto
460 1712 620 1793 petebant
646 1712 785 1776 hostem.
834 1714 930 1797 Quae
958 1716 1094 1797 propius
1122 1711 1237 1798 [quae-
1258 1743 1288 1778 10

47 1879 51 1885 ,
135 1813 230 1901 dam]
257 1815 413 1879 subibant
437 1836 547 1891 naves
568 1836 634 1898 quo
657 1816 830 1880 interiores
853 1817 972 1881 ictibus
995 1827 1235 1882 tormentorum

27 1986 30 1990 ,
134 1930 256 1997 essent,
288 1921 322 1981 in
353 1939 410 1983 eas
441 1919 609 1984 tollenone
640 1939 741 2002 super
771 1941 900 1984 murum
932 1924 1100 1988 eminente
1127 1924 1237 1988 ferrea

180 2101 205 2146 6.
232 2096 276 2147 hi:
314 2093 445 2164 referring
480 2102 510 2148 to
542 2094 578 2147 all
614 2094 661 2148 the
711 2094 825 2154 στοαίοις
841 2099 909 2169 (one
927 2097 1017 2150 fourth
1036 2097 1067 2152 ol
1081 2115 1098 2150 a
1113 2095 1185 2165 foot)
1204 2095 1237 2154 rb

135 2175 237 2229 classes
253 2175 310 2246 just
329 2173 498 2228 mentioned.

180 2273 205 2320 7.
230 2257 434 2309 contabulatas:
462 2255 532 2308 built
555 2257 584 2308 in
608 2262 661 2308 sto-
711 2257 843 2323 nubtiales,
862 2257 916 2311 like
935 2275 1017 2328 many
1037 2259 1118 2312 other
1137 2258 1192 2328 adj.
1207 2259 1237 2311 in

135 2338 199 2390 ries.
215 2325 505 2389 -'machinamenta:
543 2353 566 2410 ,a
602 2353 660 2389 rare
712 2337 784 2402 -alis,
797 2337 821 2391 is
843 2338 927 2391 found
949 2338 1008 2391 first
1029 2339 1057 2391 in
1081 2338 1163 2409 Livy3
1187 2356 1236 2407 eg.

135 2418 219 2484 word,
232 2418 295 2484 and,
309 2426 405 2486 except
425 2417 497 2483 here,
512 2423 560 2469 not
575 2415 661 2470 found
715 2432 736 2482 1,
748 2419 789 2482 28,
806 2433 815 2469 1
832 2418 956 2485 lustrale,
969 2418 1037 2471 used
1051 2419 1109 2472 first
1123 2419 1159 2488 by
1171 2418 1237 2488 Livy

135 2497 165 2550 in
178 2497 233 2551 this
243 2515 324 2552 sense
335 2497 428 2552 before
438 2497 560 2550 Tacitus.
593 2496 661 2566 Livy
712 2497 738 2549 in
753 2499 1093 2566 prose-scorpionibus:
1112 2497 1237 2552 different

135 2594 199 2630 uses
208 2577 353 2632 elsewhere
362 2578 661 2642 machine—quatien-
712 2577 780 2630 from
789 2578 986 2647 thecainpulta
994 2580 1049 2632 and
1057 2579 1236 2644 theballzsta,·

134 2660 179 2710 dis
198 2660 298 2710 muris:
318 2657 383 2711 with
400 2657 455 2711 this
477 2657 533 2710 dat.
554 2657 586 2712 os
600 2675 661 2726 pur·
712 2659 810 2728 Veget.
833 2673 859 2726 4,
881 2674 914 2711 22
939 2662 1093 2729 scorpiones
1116 2660 1238 2713 eluebant

134 2756 203 2808 pose
216 2737 250 2792 cf.
265 2752 307 2804 24,
320 2753 362 2806 33,
376 2739 661 2808 qeppugnnndarum
711 2755 781 2807 quas
800 2755 874 2792 nunc
898 2741 1111 2792 mannballrstas
1130 2745 1237 2807 vocant,

135 2819 254 2871 urbium.
711 2819 770 2872 ideo
796 2821 834 2872 sic
858 2823 1016 2888 nuncupati
1037 2821 1113 2889 qnod
1132 2823 1237 2890 parvis

180 2917 204 2962 9.
223 2898 661 2953 intactizunharmedandthere-
711 2900 905 2969 subtilibusque
950 2901 1064 2968 spiculis
1108 2900 1238 2970 inferunt

135 2978 193 3033 fore
211 2987 260 3033 not
272 2979 334 3034 able
347 2988 376 3033 to
389 2980 424 3033 be
437 2978 564 3045 harmed3
585 2978 620 3032 cf.
636 2993 660 3043 2,
712 2986 835 3032 mutem.

138 3060 658 3129 1,4inuz'olatiand9‚18,17iuuictus.
758 3076 795 3110 10.
822 3074 874 3125 quo
892 3097 899 3111 .
917 3098 923 3111 .
943 3098 949 3112 .
967 3062 1074 3113 essent:
1097 3061 1160 3113 inat
1177 3061 1238 3131 they

134 3141 234 3193 -imo
254 3180 260 3192 .
277 3179 284 3193 .
301 3179 307 3193 .
323 3155 478 3194 summum.
496 3178 502 3192 .
520 3179 526 3191 .
541 3143 658 3194 occulto:
712 3141 798 3210 might
809 3141 839 3194 be
849 3147 892 3194 too
902 3142 961 3212 far
972 3144 1003 3194 in
1016 3148 1044 3194 io
1059 3142 1087 3195 be
1099 3143 1194 3194 struck
1207 3143 1238 3210 by

135 3237 183 3274 see
195 3237 232 3273 on
248 3235 303 3289 1,3,
316 3235 331 3273 2
344 3219 659 3274 certa-cubitalibus:
711 3222 756 3274 tire
779 3221 935 3284 machines‚·
961 3235 985 3287 7,
1011 3237 1050 3285 10,
1077 3237 1109 3274 10
1132 3228 1238 3292 lotoque

135 3317 153 3352 a
172 3299 255 3368 cubit,
277 3303 321 3354 in.
344 3313 397 3354 one
414 3302 469 3355 and
487 3319 504 3355 a
525 3300 586 3355 half
606 3303 661 3354 Ro·
711 3305 824 3371 corpore
841 3305 959 3356 interior
973 3303 1098 3372 peretulo
1112 3302 1237 3355 vulneris

135 3397 201 3433 man
213 3381 267 3436 feet
284 3381 358 3452 long.
395 3383 457 3437 The
476 3385 585 3436 Roman
603 3381 661 3435 loot
711 3383 811 3452 faetus
829 3385 999 3436 insinuasset
1010 3401 1038 3436 se
1053 3385 1127 3437 inter
1139 3387 1238 3452 corpur

134 3477 191 3514 was
215 3479 231 3514 a
255 3461 325 3516 trifle
349 3461 403 3516 less
421 3463 488 3516 than
513 3463 562 3516 the
585 3463 662 3532 Eng·
711 3466 937 3532 ueniaque—in
947 3479 1009 3516 eas:
1024 3464 1092 3517 used
1103 3463 1130 3516 in
1142 3463 1237 3516 antici-

134 3541 188 3593 lish
214 3541 280 3596 foot.
326 3542 424 3612 Polyb.
448 3543 473 3610 8,
498 3556 523 3610 7,
547 3542 566 3594 6
589 3559 661 3611 says,
712 3543 805 3612 pation
825 3543 856 3597 of
872 3545 979 3612 iniecta,
992 3544 1048 3597 and
1068 3551 1097 3598 to
1117 3544 1151 3597 be
1172 3559 1236 3597 con-

135 3617 183 3680 ἕως
217 3617 405 3694 ἀνδρομήκους
436 3617 521 3696 ὕψους
549 3621 662 3678 uirtui-
713 3625 811 3678 nected
819 3623 1152 3695 withitgrammatically3
1169 3628 1236 3692 pro·

135 3722 224 3758 κνωσε
236 3699 358 3774 τρήμοσι
371 3701 403 3758 τὸ
416 3703 506 3776 τεῖχος
516 3704 551 3761 ὡς
564 3705 661 3758 παλαι-
711 3703 794 3758 reeis
806 3704 898 3759 added
908 3705 961 3757 ina
970 3703 1096 3757 different
1106 3704 1154 3757 but
1163 3719 1236 3756 more

660 3813 716 3882 267
