2976 4302
235 300 318 350 CHAP.
330 299 360 366 3]
567 299 680 347 SELEC
679 300 695 346 Γ
696 299 756 348 lON
760 300 776 347 S
800 300 820 347 F
823 300 899 348 ROM
923 299 1006 348 LIVY

203 481 352 530 somnes
382 464 636 529 interficiendos.
685 464 781 546 Quae
812 465 958 527 ubitam
991 463 1155 528 discordia
1186 464 1273 528 inter
1303 485 1340 529 se

235 570 326 633 velut
349 589 389 631 ex
412 569 549 652 ancipiti
573 568 707 631 oraculo
731 589 893 650 responsa
919 570 997 632 data
1025 579 1110 644 sunt,
1136 589 1338 651 quamquam

236 674 322 737 filius
337 673 410 754 ipse
426 673 458 735 in
476 674 591 754 primis
607 673 672 734 iam
690 675 837 734 animum
853 693 985 755 quoque
1004 673 1108 754 patris
1124 676 1339 736 consenuisse

236 777 269 841 in
286 778 419 840 adiecto
435 797 573 858 corpore
597 777 740 851 rebatur,
758 787 869 839 tamen
886 796 1052 840 consensu
1068 777 1216 840 omnium
1232 779 1339 840 victus

202 892 296 958 9est,
324 891 360 944 ut
387 881 494 962 ipsum
523 881 556 942 in
584 881 757 943 consilium
781 880 910 943 acciret.
961 882 1032 944 Nec
1056 891 1215 962 gravatus
1238 901 1340 944 senex

237 986 384 1067 plaustro
398 987 431 1046 in
449 995 557 1048 castra
578 984 698 1046 dicitur
720 984 879 1047 advectus
894 995 1098 1066 vocatusque
1115 987 1148 1047 in
1166 986 1339 1048 consilium

236 1089 282 1152 ita
306 1091 412 1152 ferme
440 1090 570 1151 locutus
596 1108 679 1163 esse,
705 1099 741 1151 ut
764 1089 847 1150 nihil
873 1091 1058 1152 sententiae
1082 1109 1162 1153 suae
1187 1099 1338 1164 mutaret,

191 1219 219 1252 ιο
236 1213 355 1257 causas
378 1201 507 1254 tantum
531 1191 695 1255 adiceret:
720 1192 828 1273 priore
848 1212 883 1254 se
900 1193 1047 1268 consilio,
1065 1193 1154 1274 quod
1178 1193 1339 1274 optimum

237 1298 382 1372 duceret,
407 1316 482 1359 cum
507 1298 737 1378 potentissimo
761 1297 886 1379 populo
911 1291 1114 1378 peringens
1139 1296 1339 1359 beneficium

238 1411 433 1483 perpetuam
451 1401 581 1462 firmare
603 1421 721 1481 pacem
745 1400 1008 1481 amicitiamque;
1033 1400 1136 1464 altero
1153 1400 1289 1463 consilio
1306 1401 1340 1461 in

238 1506 359 1567 multas
390 1514 526 1580 aetates,
552 1505 671 1586 quibus
701 1505 832 1567 amissis
863 1503 992 1566 duobus
1023 1504 1220 1568 exercitibus
1251 1504 1340 1566 haud

237 1608 336 1671 facile
359 1619 534 1689 receptura
558 1609 645 1670 vires
672 1609 825 1670 Romana
849 1628 902 1670 res
925 1618 1015 1684 esset,
1037 1608 1160 1671 bellum
1186 1609 1339 1683 differre3

237 1714 369 1776 tertium
387 1713 514 1774 nullum
531 1713 704 1775 consilium
720 1732 803 1774 esse.

191 1841 216 1876 ιι
282 1817 366 1880 Cum
384 1817 469 1878 filius
486 1816 606 1897 aliique
623 1815 790 1896 principes
807 1817 1056 1897 percunctando
1072 1827 1339 1899 exsequerentur,

239 1920 357 2003 “quid,
376 1920 403 1982 si
427 1921 536 1982 media
558 1921 612 1982 via
635 1920 752 1982 consili
772 1930 957 2002 caperetur,
983 1931 1019 1983 ut
1041 1931 1074 1983 et
1098 1921 1342 1982 dimitterentur

192 2052 221 2088 12
238 2023 420 2087 incolumes
436 2035 470 2087 et
486 2024 577 2104 leges
598 2023 637 2085 iis
661 2024 730 2085 iure
747 2023 825 2086 belli
841 2023 936 2086 victis
952 2024 1229 2105 inponerentur”,
1249 2024 1342 2086 “ista

239 2129 371 2211 quidem
390 2121 554 2191 sententia
565 2128 582 2151 ”
600 2127 708 2208 inquit
721 2133 739 2159 “
750 2149 790 2190 ea
806 2137 857 2190 est
879 2147 965 2210 quae
982 2148 1091 2210 neque
1108 2128 1231 2190 amicos
1248 2139 1343 2208 parat

238 2253 300 2296 nec
323 2231 474 2295 inimicos
498 2232 591 2295 tollit.
640 2232 779 2296 Servate
802 2232 901 2295 modo
925 2252 1009 2313 quos
1032 2231 1214 2314 ignominia
1234 2232 1343 2294 inrita-

284 2417 307 2462 8.
332 2412 451 2462 oraculo:
474 2409 509 2463 cf.
530 2425 554 2478 3,
573 2425 615 2478 34,
636 2411 767 2461 r.-vic-
816 2407 931 2461 realized
947 2407 1006 2460 that
1023 2407 1044 2460 it
1059 2425 1114 2460 was
1129 2408 1228 2477 simply
1240 2425 1257 2460 a
1269 2417 1343 2476 post·

238 2496 285 2545 tus
306 2494 356 2558 est,
377 2494 422 2543 ut:
449 2489 490 2542 ior
510 2507 526 2542 a
550 2489 653 2542 similar
677 2489 767 2542 clause
816 2498 980 2558 ponement;
1003 2491 1125 2541 Romans
1138 2489 1194 2540 and
1206 2489 1343 2543 Samnites

239 2572 304 2625 with
323 2572 369 2624 the
386 2570 478 2624 active
488 2572 576 2623 vicere
588 2569 623 2623 cs.
639 2585 663 2639 5,
677 2571 718 2638 36,
732 2571 765 2635 ὃς
816 2578 888 2620 must
910 2577 937 2620 at
959 2586 1035 2622 some
1057 2568 1122 2621 time
1144 2568 1213 2639 light
1235 2569 1276 2622 sor
1296 2569 1343 2621 the

240 2653 268 2705 in
291 2653 357 2706 both
380 2668 457 2704 cases
478 2650 498 2703 it
518 2651 541 2703 is
560 2667 577 2702 a
597 2650 767 2702 substantive
816 2666 975 2718 supremacy
988 2649 1019 2702 oi
1029 2649 1106 2718 ltaly.

240 2733 421 2786 clause-in
443 2733 600 2783 consilium:
623 2737 651 2782 to
669 2749 687 2783 a
707 2747 774 2792 con-¹
862 2746 901 2780 11.
928 2732 1125 2794 percunctando
1169 2745 1344 2795 exsequeren-

240 2815 372 2886 fereuce,·
397 2812 432 2866 cf.
454 2813 500 2865 the
522 2811 650 2882 meaning
672 2811 702 2864 of
721 2811 767 2864 the
815 2814 874 2863 tur:
894 2811 1088 2879 pressatum
1107 2811 1175 2864 with
1197 2814 1340 2880 questions.

240 2893 313 2948 word
327 2893 355 2945 in
369 2895 383 2960 ἓ
401 2907 439 2944 10.
816 2893 939 2956 -quid:
959 2891 1036 2944 wlrat
1048 2892 1143 2944 would
1151 2891 1281 2960 toppum
1297 2891 1344 2944 the

285 2992 309 3037 9.
337 2989 384 3025 nec
409 2977 552 3039 gravatus:
583 2973 699 3025 without
725 2990 768 3026 re·
816 2972 945 3040 apodosis
970 2972 993 3025 is
1020 2972 1242 3040 suppressed.-
1255 2973 1344 3024 media

241 3056 558 3120 laetanea-plaustro:
595 3071 641 3106 see
676 3070 711 3105 on
743 3068 766 3121 5,
817 3092 823 3105 .
848 3092 854 3103 .
877 3091 883 3104 .
904 3054 1014 3104 consili:
1035 3069 1071 3104 an
1087 3052 1221 3104 awkward
1239 3051 1344 3120 periph-

241 3151 283 3202 40,
304 3152 328 3205 9.
816 3133 884 3186 rasis
918 3133 960 3186 ior
992 3134 1112 3185 medium
1142 3132 1295 3185 consilium.
1310 3163 1344 3171 -

288 3232 327 3268 ro.
352 3217 473 3269 firmare:
488 3217 602 3269 secured
607 3234 616 3278 ,·
629 3214 662 3268 cf.
673 3230 714 3280 22,
724 3214 768 3281 46,
817 3216 873 3266 iure
886 3216 966 3266 belli:
987 3213 1015 3266 in
1033 3213 1103 3281 spite
1121 3212 1151 3266 of
1165 3212 1200 3264 its
1218 3212 1343 3280 position,

242 3299 431 3366 3.-quibus:
458 3297 510 3350 abl.
532 3297 562 3349 oi
586 3296 651 3348 time
673 3295 767 3347 within
818 3303 846 3347 to
858 3295 892 3347 be
906 3294 987 3347 taken
1000 3294 1066 3346 with
1080 3297 1290 3362 inponerentur.

242 3377 338 3442 which,
353 3378 416 3431 here
433 3377 553 3446 scarcely
566 3385 594 3429 to
616 3375 650 3429 be
672 3374 768 3427 distin·
863 3391 901 3425 12.
926 3377 996 3427 istac
1028 3375 1090 3427 that
1113 3373 1150 3443 of
1160 3387 1345 3441 vaura—ea

241 3459 357 3528 guished
377 3458 445 3511 from
464 3458 510 3510 the
527 3457 582 3509 abl.
597 3455 628 3509 of
643 3454 767 3508 duration
817 3459 860 3508 est
877 3471 959 3521 quae:
980 3457 1005 3507 is
1019 3471 1068 3507 oue
1082 3454 1188 3516 whr'ctr,·
1208 3453 1345 3506 introduc·

242 3538 273 3591 of
281 3539 354 3602 time,
363 3538 452 3592 which
462 3538 485 3590 is
494 3537 578 3591 sound
587 3535 768 3604 occasionally
818 3538 866 3606 ing
878 3553 894 3588 a
907 3535 1004 3605 simple
1017 3535 1126 3588 relative
1145 3534 1245 3588 clause.
1284 3534 1344 3586 The

242 3616 272 3670 in
292 3619 374 3688 Livy3
395 3637 441 3673 see
463 3634 485 3684 1,
504 3633 545 3687 29,
565 3617 698 3669 6.—res:
724 3617 770 3668 the
818 3634 892 3669 same
923 3615 1011 3669 words
1042 3615 1129 3667 below
1160 3614 1301 3668 introduce
1329 3631 1346 3666 a

241 3704 328 3764 state3
353 3698 387 3753 cf.
412 3714 433 3766 1,
455 3698 481 3767 6,
506 3699 706 3766 3.-ditierre:
734 3696 769 3750 he
818 3698 909 3750 clause
924 3695 955 3750 oi
968 3694 1179 3762 characteristic,
1193 3697 1217 3747 is
1233 3697 1269 3764 of
1280 3695 1346 3746 such

769 3805 824 3862 160
