2976 4302
665 277 761 329 BOOK
781 279 805 328 V

1145 277 1241 342 [Cana.
1253 292 1285 340 49

182 451 271 506 tratu
294 443 384 507 facta
408 452 506 519 esset,
531 444 771 526 denuntiatque
796 446 909 520 Gallis,
936 455 973 508 ut
996 465 1032 508 se
1055 444 1097 507 ad
1122 444 1283 525 proelium

182 547 371 628 expediant.
428 548 514 612 Suos
541 548 574 610 in
599 568 753 610 acervum
782 550 932 612 conicere
959 548 1106 611 sarcinas
1132 557 1166 609 et
1193 567 1283 609 arma
1319 566 1333 615 3

182 660 299 730 aptare
315 651 480 732 ferroque,
495 671 562 714 non
575 671 665 727 auro,
679 671 876 733 recuperare
892 652 1033 733 patriam
1049 651 1149 726 iubet,
1163 652 1196 712 in
1210 670 1284 713 con-

183 763 300 836 spectu
321 755 484 818 habentes
503 755 583 817 fana
600 755 698 817 deum
715 765 748 818 et
764 755 924 835 coniuges
939 765 974 818 et
990 755 1110 817 liberos
1127 764 1159 816 et
1176 755 1280 817 solum

182 856 310 938 patriae
334 858 485 921 deforme
508 859 586 920 belli
610 858 704 921 malis
720 869 754 922 et
769 860 890 934 omnia,
909 878 993 940 quae
1013 859 1149 921 defendi
1166 858 1283 941 repeti-

182 981 247 1043 que
263 971 297 1024 et
313 961 426 1024 ulcisci
442 963 493 1026 fas
511 964 560 1025 sit.
611 962 750 1025 Instruit
766 962 885 1025 deinde
902 963 1016 1038 aciem,
1034 972 1070 1024 ut
1086 963 1148 1024 loci
1165 971 1283 1024 natura
1317 983 1333 1028 4

183 1065 379 1146 patiebatur,
398 1067 433 1128 in
454 1068 632 1128 semirutae
656 1066 726 1129 solo
748 1066 838 1128 urbis
862 1076 895 1129 et
919 1076 1036 1129 natura
1058 1066 1233 1148 inaequali,
1251 1074 1283 1128 et

182 1170 293 1232 omnia
309 1190 394 1251 quae
410 1180 480 1233 arte
495 1168 574 1233 belli
589 1171 737 1233 secunda
753 1170 821 1232 suis
836 1170 915 1252 eligi
938 1171 1170 1252 praepararive
1194 1179 1283 1250 pote-

180 1283 257 1336 rant
275 1273 427 1355 providit.
475 1274 563 1338 Galli
583 1295 670 1337 nova
691 1294 727 1338 re
752 1274 872 1356 trepidi
897 1295 989 1336 arma
1013 1275 1148 1355 capiunt
1168 1275 1282 1355 iraque
1318 1293 1330 1344 5

182 1379 288 1458 magis
305 1399 405 1459 quam
422 1379 559 1441 consilio
575 1379 610 1440 in
629 1380 799 1441 Romanos
821 1381 1002 1441 incurrunt.
1051 1379 1122 1440 Iam
1138 1387 1283 1440 verterat

161 1483 327 1557 fortuna,
355 1481 420 1544 iam
448 1483 585 1545 deorum
613 1503 695 1564 opes
723 1483 935 1564 humanaque
962 1481 1099 1546 consilia
1122 1502 1192 1544 rem
1219 1483 1282 1545 Ro-

182 1607 316 1648 manam
340 1587 551 1649 adiuvabant.
601 1587 707 1668 Igitur
733 1586 838 1668 primo
861 1607 1024 1649 concursu
1048 1587 1137 1648 haud
1159 1586 1282 1648 maiore

182 1699 351 1753 momento
365 1690 431 1753 fusi
444 1690 531 1754 Galli
547 1701 625 1754 sunt
638 1711 736 1772 quam
754 1691 796 1752 ad
812 1691 924 1753 Aliam
935 1690 1091 1753 vicerant.
1141 1690 1282 1752 Iustiore
1317 1697 1332 1744 6

181 1795 285 1858 altero
308 1794 429 1857 deinde
453 1794 578 1877 proeli0
598 1795 640 1856 ad
656 1804 809 1857 octavum
826 1794 969 1875 lapidem
990 1794 1120 1858 GabIna
1136 1794 1199 1868 via,
1217 1815 1282 1875 quo

181 1919 217 1960 se
240 1919 281 1960 ex
304 1898 386 1980 fuga
402 1898 620 1973 contulerant,
638 1899 785 1960 eiusdem
802 1899 903 1960 ductu
920 1897 1135 1980 auspicioque
1153 1897 1282 1960 Camilli

180 2003 367 2065 vincuntur.
416 2000 467 2065 Ibi
483 2003 606 2073 caedes
619 2004 731 2064 omnia
746 2002 906 2078 obtinuit;
925 2011 1033 2064 castra
1049 2002 1234 2082 capiuntur,
1249 2010 1282 2063 et

180 2126 223 2169 ne
246 2105 382 2168 nuntius
398 2106 533 2188 quidem
549 2105 652 2168 cladis
668 2106 811 2168 relictuS.
860 2105 1012 2168 Dictator
1030 2115 1227 2186 recuperata
1243 2124 1282 2166 ex
1318 2124 1331 2174 7

180 2210 332 2272 hostibus
356 2211 463 2290 patria
485 2210 695 2290 triumphans
719 2210 753 2270 in
777 2209 892 2271 urbem
914 2209 1008 2284 redit,
1025 2210 1177 2290 interque
1193 2208 1282 2270 iocos

181 2314 348 2390 militares,
360 2333 443 2395 quos
453 2312 639 2375 inconditos
649 2312 781 2388 iaciunt,
795 2314 957 2376 Romulus
968 2333 1006 2375 ac
1018 2333 1139 2395 parens
1156 2311 1282 2393 patriae

224 2569 249 2616 3.
269 2549 378 2600 ulcisci:
394 2547 503 2616 parallel
517 2546 581 2599 with
592 2546 707 2617 defendi

179 2629 235 2682 and
248 2625 346 2697 repeti,
360 2629 415 2680 and
435 2627 567 2681 therefore
586 2627 703 2695 passive,

178 2727 238 2762 —a
258 2726 316 2761 rare
336 2726 384 2761 use
403 2707 435 2760 of
451 2708 497 2760 the
515 2708 603 2773 word3
624 2707 657 2761 cf.
679 2722 704 2773 2,

182 2806 222 2858 17,
237 2804 252 2856 7
265 2790 295 2841 ab
307 2791 367 2841 iras
374 2791 505 2857 graviter
518 2788 601 2840 ultas.

224 2892 249 2938 4.
270 2871 431 2932 semirutae:
452 2868 486 2921 cf.
505 2883 528 2937 ς,
542 2883 585 2935 43,
601 2883 623 2920 1.
636 2872 705 2923 -et

182 2992 188 3004 .
212 2991 218 3003 .
241 2991 247 3002 .
268 2951 420 3015 Inaequali:
446 2949 534 3000 witta
546 2966 606 3000 uras
618 2966 704 3002 mare·

178 3049 246 3086 over
263 3030 405 3099 naturally
420 3046 544 3091 unaven‚·
563 3031 708 3099 inaequali

180 3111 379 3182 qualifiesral.

224 3212 249 3260 5.
276 3206 346 3244 nova
359 3207 386 3244 re
398 3193 515 3257 trepidi.
535 3191 665 3244 alarmed
673 3191 706 3260 by

178 3273 224 3326 tlte
236 3273 402 3342 eaexpected
411 3280 498 3326 event.
509 3303 544 3312 —
552 3275 702 3326 momento:

180 3353 214 3408 cf.
236 3369 278 3420 21,
290 3368 333 3422 43,
349 3368 395 3419 113
416 3368 458 3419 24,
474 3368 516 3421 34,
532 3368 564 3419 ²3
583 3352 651 3405 weila
670 3369 706 3404 no

177 3439 288 3504 greater
306 3434 429 3503 impube,
449 3436 492 3486 ie.
511 3450 542 3487 as
564 3432 658 3502 easily.
671 3463 705 3471 -

180 3515 237 3566 fusi
257 3553 264 3566 .
287 3553 293 3566 .
316 3554 322 3566 .
343 3517 421 3566 sunt:
451 3513 598 3583 according
618 3521 648 3566 to
669 3528 705 3564 an

179 3595 289 3648 ancient
315 3595 443 3648 calendar
467 3593 522 3646 this
550 3593 635 3647 battle
661 3609 705 3646 oc·

181 3676 276 3729 curred
303 3693 340 3729 on
370 3675 437 3728 Feb.
468 3688 496 3741 13
519 3674 585 3744 (389
610 3675 703 3742 ss.c.);

757 2547 853 2613 Varro,
867 2548 934 2600 L.L.
949 2546 974 2612 6,
991 2547 1030 2612 18,
1044 2564 1132 2600 seems
1151 2554 1180 2600 to
1196 2555 1243 2615 put
1262 2547 1282 2600 it

758 2627 863 2697 shortly
890 2628 982 2681 before
1010 2628 1072 2697 July
1099 2643 1130 2696 53
1165 2627 1214 2680 but
1236 2627 1282 2680 the

758 2708 869 2778 general
887 2716 1034 2761 statement
1053 2708 1112 2760 that
1131 2706 1178 2761 the
1197 2709 1282 2760 Gauls

759 2789 897 2842 remained
910 2788 938 2840 in
952 2788 998 2841 the
1009 2789 1063 2858 city
1073 2805 1156 2841 seven
1170 2788 1282 2841 months

759 2878 887 2938 supports
901 2869 947 2921 the
960 2868 1055 2922 earlier
1067 2868 1140 2922 date.

802 2960 828 3005 6.
849 2951 959 3001 iustiore
966 2951 1082 3014 proelio:
1096 2965 1197 3001 amere
1204 2963 1282 3018 rega-

759 3030 805 3083 lar
831 3030 930 3093 battle·
962 3029 994 3082 cf.
1020 3044 1062 3098 39,
1088 3043 1112 3094 2,
1137 3029 1152 3080 8
1182 3038 1283 3081 coactas

759 3113 788 3163 in
807 3113 891 3164 aciem
909 3110 1065 3162 descendere
1086 3111 1158 3160 iusta
1177 3110 1283 3177 proelia

759 3191 914 3243 devicit.—
927 3192 1030 3243 Gabina
1066 3191 1127 3240 via:
1173 3189 1283 3258 leading

759 3280 818 3324 east
843 3270 911 3323 from
939 3272 1025 3322 Rome
1057 3278 1085 3322 to
1116 3268 1196 3322 Gabii
1227 3269 1283 3321 and

760 3353 915 3404 Praeneste.

803 3451 827 3498 7.
848 3432 1013 3483 inconditos:
1039 3432 1069 3483 in
1094 3431 1164 3483 rude
1187 3445 1282 3492 verse,

759 3512 793 3565 cf.
818 3525 842 3577 7,
865 3527 888 3576 2,
912 3525 943 3580 53
966 3528 983 3563 a
1004 3511 1110 3580 regular
1131 3518 1236 3563 custom
1255 3517 1283 3562 at

759 3590 902 3660 triumphs.
917 3622 953 3629 -
965 3593 1082 3643 faciunt:
1118 3607 1157 3644 sc.
1185 3590 1284 3642 milites

759 3673 827 3725 srom
841 3673 985 3726 militares.

706 3799 760 3852 133
