2914 4290
228 249 311 301 Came.
323 251 347 312 8,
358 251 388 317 9]
560 251 770 302 SELECI'IONS
793 251 892 303 FROM
916 252 998 302 LIVY

228 418 375 480 animum
402 417 497 481 habe.
557 417 740 481 Multorum
771 438 888 500 regum
914 428 948 481 et
972 418 1172 501 populorum
1198 421 1338 485 casibus
1441 451 1442 502 Ξ

228 522 361 602 cognita
378 522 493 603 populi
512 521 654 584 Romani
672 522 849 586 clementia
865 543 934 594 non
952 522 1049 585 modo
1070 543 1166 605 spem
1185 524 1255 602 tibi,
1275 527 1336 588 sed

194 643 210 691 6
228 645 333 707 prope
346 635 469 689 certam
482 625 636 688 fiduciam
653 626 768 689 salutis
785 626 954 707 praebet.’'
1003 627 1099 690 Haec
1118 628 1249 692 Graeco
1270 650 1336 692 ser·
1441 651 1442 706 r

228 749 325 792 mone
361 730 501 804 Perseo;
542 731 662 792 Latine
695 730 816 794 deinde
847 731 915 793 suis
947 730 1162 813 “exemplum
1198 733 1335 814 insigne
1441 711 1442 770 Ξ

227 832 361 896 cernitis
372 834 389 859 '⁹
421 835 529 915 inquit
560 833 780 896 “mutationis
811 854 921 898 rerum
948 835 1177 898 humanarum.
1225 838 1335 901 Vobis
1441 821 1442 842 Ξ

227 937 290 1000 hoc
306 939 486 1020 praecipue
504 939 588 1013 dico,
605 939 751 1001 iuvenes.
801 939 882 1000 Ideo
901 938 935 1001 in
957 940 1111 1002 secundis
1130 940 1229 1004 rebus
1250 942 1336 1004 nihil
1441 991 1442 1000 ,

227 1040 260 1102 in
288 1061 488 1123 quemquam
516 1042 658 1123 superbe
685 1062 723 1104 ac
751 1042 912 1105 violenter
935 1043 1108 1107 consulere
1135 1045 1242 1121 decet,
1269 1066 1334 1110 nec

227 1147 396 1226 praesenti
411 1145 546 1209 credere
562 1146 726 1222 fortunae,
741 1166 815 1238 cum
832 1147 910 1228 quid
927 1168 1048 1228 vesper
1062 1148 1151 1212 ferat
1166 1149 1333 1212 incertum

194 1247 277 1320 rsit.
326 1250 360 1312 Is
391 1249 525 1312 demum
555 1249 605 1312 vir
634 1250 705 1324 erit,
734 1252 826 1313 cuius
856 1253 1003 1313 animum
1030 1272 1139 1334 neque
1169 1274 1334 1335 prospera
1441 1243 1442 1338 Ξ

227 1352 307 1415 flatu
332 1373 392 1417 suo
419 1354 563 1417 efferent
586 1373 647 1416 nec
673 1355 812 1416 adversa
837 1355 1053 1436 infringent.'’
1110 1357 1260 1420 Consilio
1287 1360 1334 1421 di-

193 1457 337 1533 8misso,
362 1457 478 1520 tuendi
501 1477 581 1520 cura
603 1459 691 1540 regis
718 1457 759 1540 Q.
784 1459 883 1521 Aelio
911 1459 1096 1522 mandatur.
1143 1461 1194 1524 Eo
1219 1463 1275 1526 die
1299 1474 1334 1526 et

226 1562 384 1623 invitatus
414 1561 456 1624 ad
487 1561 656 1625 consulem
689 1564 830 1626 Perseus
857 1574 890 1626 et
917 1564 1001 1626 alius
1032 1564 1137 1626 omnis
1165 1567 1196 1628 ei
1223 1566 1333 1630 honos

226 1664 360 1728 habitus
379 1675 430 1728 est
453 1667 510 1747 qui
533 1667 647 1730 haberi
671 1666 704 1728 in
728 1668 785 1729 tali
810 1668 944 1730 fortuna
967 1678 1106 1748 poterat.
1154 1669 1333 1733 Exercitus

226 1769 370 1833 deinde
362 1790 396 1832 m
413 1769 552 1833 hiberna
568 1771 722 1833 dimissus
739 1781 798 1833 est
858 1781 860 1786 '

193 1897 204 1932 r
269 1893 298 1953 9.
332 1875 513 1936 Mammam
527 1885 655 1956 partem
672 1876 843 1956 copiarum
854 1875 1080 1958 Amphipolis
1098 1876 1242 2014 reliquas
1259 1899 1333 1960 pro

226 1978 371 2058 pinquae
387 1978 486 2041 urbes
503 1988 713 2061 acceperunt.

193 2107 209 2142 2
272 2082 338 2144 Hic
364 2082 435 2145 finis
459 2082 545 2158 belli,
570 2103 645 2145 cum
669 2082 923 2165 quadriennium
947 2083 1141 2146 continuum
1167 2083 1330 2147 bellatum
1361 2138 1365 2146 .
1441 2115 1442 2122 Ξ

226 2193 323 2261 esset,
346 2185 431 2248 inter
453 2187 624 2249 Romanos
645 2207 683 2249 ac
708 2187 829 2250 Persea
849 2187 923 2262 ruit,
940 2187 1095 2268 idemque
1117 2189 1191 2250 finis
1213 2190 1331 2252 incluti

192 2309 286 2372 3per
310 2290 466 2371 Europae
491 2291 685 2372 plerumque
709 2301 809 2372 atque
828 2291 946 2354 Asiam
968 2311 1100 2354 omnem
1123 2292 1226 2373 regni.
1275 2294 1331 2357 Vi·

226 2395 385 2456 cesimum
407 2394 448 2456 ab
469 2394 610 2470 Carano,
627 2396 684 2476 qui
703 2395 1020 2476 primus'regnabat,
1039 2396 1159 2458 Persea
1177 2416 1330 2460 numera-

225 2497 315 2560 bant.
364 2499 503 2561 Perseus
528 2497 569 2579 Q.
597 2497 724 2574 Fulvio,
751 2498 790 2560 L.
819 2497 946 2561 Manlio
970 2497 1160 2561 consulibus
1183 2519 1328 2581 regnum

269 2696 293 2741 o.
316 2690 386 2741 nihil
406 2729 411 2741 .
432 2729 437 2741 .
458 2729 464 2741 .
483 2691 636 2743 consulere:
657 2707 674 2742 a
690 2706 749 2743 rare
798 2706 859 2742 was
875 2689 986 2742 invitcd
998 2695 1025 2742 to
1042 2689 1106 2742 dine
1117 2689 1185 2742 wzth
1201 2689 1247 2742 the
1266 2707 1327 2743 con-

225 2771 428 2837 construction3
450 2771 525 2823 nr'ln'l
541 2771 564 2824 is
583 2788 618 2824 an
638 2788 695 2824 acc.
717 2769 749 2823 of
798 2769 1015 2822 sut-habitus
1027 2772 1084 2821 est:
1106 2787 1153 2823 see
1166 2787 1202 2822 on
1212 2784 1237 2838 5,
1247 2784 1290 2839 37,
1300 2786 1325 2836 4.

225 2852 342 2904 kindred
371 2852 585 2922 meaning,-to
611 2852 690 2904 make
714 2869 750 2904 nn
843 2851 870 2901 9.
896 2867 920 2902 2.
947 2850 1170 2915 quadriennium:
1188 2851 1324 2918 171-168;

225 2933 359 2997 deczszbm
382 2931 425 2999 26,
445 2948 486 3000 33,
509 2949 525 3000 3
549 2938 580 2984 nt
603 2934 750 3000 quicquam
799 2930 847 2984 the
857 2930 947 2984 fourth
961 2947 1088 3000 yearwas
1099 2939 1148 2983 not
1160 2931 1325 2999 completed.

225 3014 259 3066 de
281 3029 309 3065 se
328 3015 449 3081 gravius
474 3013 650 3065 consulerent.
696 3014 751 3067 For
798 3025 891 3076 —per
901 3013 1023 3076 Europae
1033 3012 1206 3075 plerumque:
1227 3027 1274 3064 see
1289 3028 1326 3064 on

225 3093 306 3147 other
320 3093 522 3147 constructions
535 3093 600 3145 with
614 3093 751 3145 consulere
800 3107 823 3161 5,
841 3093 884 3160 38,
901 3107 918 3158 4
934 3095 1067 3161 itt-aequo
1080 3093 1188 3160 campa}
1209 3106 1252 3160 31,
1273 3105 1295 3160 1,
1309 3105 1325 3158 7

226 3190 271 3226 see
291 3190 328 3226 on
348 3189 371 3240 2,
393 3174 434 3240 28,
453 3188 468 3226 2
486 3174 541 3226 and
559 3189 600 3237 22,
617 3187 660 3242 45,
680 3187 750 3241 5.-
799 3173 887 3226 multa
911 3173 1052 3243 quondam
1079 3173 1210 3241 Europae
1239 3210 1246 3222 .
1278 3211 1285 3223 .
1317 3211 1324 3224 .

226 3267 285 3304 cum
305 3291 311 3305 .
331 3292 337 3304 .
357 3292 363 3305 .
383 3255 435 3305 sit:
457 3256 520 3307 Ter.
537 3254 648 3306 Phorm.
665 3268 712 3317 241
732 3251 748 3304 f.
798 3253 980 3306 obtinuerant.

160 3372 163 3376 -
225 3351 307 3404 quom
323 3335 456 3387 secundae
472 3351 516 3387 res
532 3340 598 3386 sunt
613 3350 749 3400 mamma,
843 3350 867 3396 3.
891 3334 1068 3386 vicesimum:
1084 3333 1176 3401 Justin
1186 3347 1325 3402 33,2says

225 3421 285 3467 tum
294 3431 422 3468 maxume
432 3416 570 3468 Meditari
574 3431 664 3467 secum
671 3419 750 3483 opor·
799 3414 876 3468 there
889 3432 958 3468 were
971 3414 1055 3484 thirty
1063 3414 1153 3484 kings.
1162 3444 1196 3452 —
1205 3414 1323 3466 carano:

224 3500 329 3564 tet,quo
332 3495 574 3563 pactondvorsam
584 3511 750 3548 aerumnam
800 3490 930 3565 mythical
948 3495 1117 3549 descendant
1141 3494 1173 3548 of
1194 3495 1326 3548 Heracles

225 3575 337 3644 ferant.
799 3575 856 3629 and
876 3575 993 3630 founder
1017 3575 1049 3629 of
1070 3575 1116 3628 the
1141 3574 1325 3630 Macedonian

271 3662 294 3707 8.
319 3661 453 3712 invitatus
474 3694 479 3706 ·
500 3695 506 3707 .
526 3695 531 3707 .
549 3662 701 3713 consulem:
718 3657 751 3708 tn
800 3656 1022 3728 kingdom-Q.
1041 3661 1138 3713 Fulvio
1152 3694 1158 3707 ·
1173 3694 1179 3707 ·
1194 3695 1200 3707 -
1214 3659 1327 3713 consuli·

749 3764 807 3836 368
