2914 4290
246 279 329 330 CHAP.
342 277 388 344 30]
578 277 790 329 SELECI'IONS
812 278 910 328 FROM
935 278 1016 328 LIVY

214 461 230 510 6
247 445 309 508 mis
326 444 368 507 ad
384 464 502 526 pacem
519 444 700 527 petendam
711 446 853 507 veniam.
901 444 1075 526 Optimum
1090 445 1228 527 quidem
1241 446 1356 510 fuerat

246 568 319 611 eam
341 547 492 630 patribus
514 547 635 610 nostris
657 557 802 611 mentem
825 548 936 610 datam
957 548 999 610 ab
1018 548 1069 611 dis
1085 569 1169 624 esse,
1188 559 1226 612 ut
1242 561 1278 614 et
1293 571 1354 614 vos

215 652 365 736 7Italiae
387 660 421 714 et
444 672 505 714 nos
530 651 667 714 Africae
692 653 832 733 imperio
860 653 1009 715 contenti
1035 673 1204 729 essemus;
1242 674 1355 737 neque

246 757 334 819 enim
351 776 393 819 ne
410 755 504 818 vobis
521 756 654 836 quidem
672 755 785 820 Sicilia
801 776 839 818 ac
857 756 1011 820 Sardinia
1027 757 1107 819 satis
1124 757 1228 838 digna
1244 760 1354 840 pretia
1438 759 1439 768 ’

247 871 325 923 sunt
355 880 416 941 pro
446 869 495 922 tot
522 859 694 933 classibus,
718 869 768 923 tot
795 860 1001 936 exercitibus
1027 870 1075 923 tot
1102 871 1170 923 tam
1203 864 1353 943 egregiis
1438 855 1439 870 ¹

247 965 376 1027 amissis
392 962 541 1026 ducibus.
589 963 656 1027 Sed
674 965 852 1045 praeterita
868 964 975 1045 magis
991 965 1191 1045 reprehendi
1207 977 1353 1046 possunt

213 1088 345 1150 gquam
362 1068 490 1148 corrigi.
540 1069 592 1130 Ita
612 1066 721 1129 aliena
742 1067 974 1148 adpetivimus,
992 1077 1029 1130 ut
1050 1069 1092 1142 de
1113 1071 1238 1132 nostris
1258 1071 1353 1132 dimi-

246 1191 406 1248 caremus,
424 1193 486 1235 nec
505 1173 536 1235 in
563 1172 659 1234 Italia
678 1172 783 1234 solum
804 1171 899 1234 nobis
918 1172 1051 1249 bellum,
1068 1173 1162 1236 vobis
1178 1173 1211 1235 in
1230 1172 1353 1237 Africa

246 1286 343 1352 esset,
361 1276 420 1339 sed
436 1285 470 1338 et
484 1297 544 1338 vos
565 1277 597 1338 in
619 1277 721 1356 portis
740 1276 860 1339 vestris
880 1296 984 1357 prope
1003 1297 1041 1339 ac
1062 1277 1236 1340 moenibus
1253 1280 1353 1359 signa
1438 1289 1439 1328 l

246 1399 404 1461 armaque
426 1380 571 1442 hostium
593 1379 721 1442 vidistis
745 1389 779 1442 et
803 1400 864 1442 nos
886 1381 927 1443 ab
949 1381 1153 1462 Carthagine
1177 1382 1351 1445 fremitum
1438 1403 1439 1406 ¹

212 1492 429 1554 ocastrorum
448 1485 674 1546 Romanorum
691 1484 894 1547 exaudimus.
938 1484 1038 1566 Quod
1055 1485 1155 1566 igitur
1171 1505 1233 1548 nos
1250 1489 1353 1549 maxi·
1438 1555 1439 1564 χ

245 1606 299 1650 me
326 1587 601 1662 abominaremur,
624 1608 684 1650 vos
710 1596 787 1649 ante
814 1589 927 1650 omnia
954 1590 1123 1669 optaretis,
1149 1589 1183 1650 in
1212 1590 1353 1655 meliore
1438 1583 1439 1608 l

246 1700 356 1754 vestra
387 1691 521 1754 fortuna
548 1691 589 1754 de
617 1711 699 1772 pace
727 1691 844 1772 agitur.
908 1693 1051 1774 Agimus
1079 1693 1118 1766 ei,
1145 1714 1289 1775 quorum
1318 1705 1353 1759 et
1401 1713 1404 1720 ·

246 1795 387 1858 maxime
406 1796 544 1858 interest
563 1815 679 1877 pacem
696 1815 779 1870 esse,
797 1805 831 1858 et
847 1796 903 1878 qui
919 1796 1153 1880 quodcumque
1169 1801 1351 1880 egerimus,

245 1908 352 1961 ratum
384 1898 534 1962 civitates
565 1909 698 1962 nostrae
729 1899 903 1963 habiturae
930 1910 1016 1963 sunt.
1064 1901 1190 1965 Animo
1217 1913 1352 1967 tantum

288 2078 313 2123 6.
340 2071 444 2125 fuerat:
468 2072 597 2141 apodosis
617 2071 648 2125 os
668 2090 684 2124 a
703 2089 771 2125 non·
819 2073 911 2126 others
922 2075 990 2127 wille
1003 2076 1067 2128 saclz
1081 2077 1237 2130 disastrous
1249 2079 1353 2132 results

244 2163 385 2206 occurrent
410 2152 567 2217 condition;
590 2154 672 2213 Lane,
690 2167 768 2219 2107.
819 2155 1006 2208 tlratwelrad
1019 2157 1187 2227 tafiglrtfer
1204 2177 1258 2212 aur
1276 2177 1350 2212 own.

244 2233 306 2284 The
325 2233 440 2303 English
462 2234 533 2301 plup.
553 2234 635 2286 indic.
655 2234 677 2286 is
703 2235 771 2287 used
822 2236 854 2287 ln
873 2236 964 2288 alr'ena
985 2237 1019 2290 he
1038 2237 1120 2290 refers
1140 2248 1168 2291 to
1188 2239 1275 2310 Sicily
1294 2242 1351 2294 and

244 2313 272 2365 in
291 2313 338 2366 the
357 2330 431 2366 same
445 2331 512 2382 way.
523 2316 689 2379 -patribus
709 2329 770 2366 nos·
821 2316 948 2369 Sardinia
960 2334 997 2370 on
1011 2317 1059 2370 the
1074 2335 1127 2371 one
1147 2319 1230 2386 hand,
1244 2322 1301 2374 and
1320 2330 1351 2374 to
1438 2311 1439 2340 ³

244 2395 310 2445 tris:
331 2396 374 2446 ie.
393 2403 421 2446 at
440 2395 486 2446 the
506 2394 570 2446 time
585 2395 616 2447 of
630 2395 676 2448 the
696 2395 769 2448 First
821 2396 906 2465 Spain
924 2398 980 2451 and
1000 2399 1069 2468 Italy
1088 2416 1125 2452 on
1144 2399 1191 2454 the
1212 2401 1351 2454 other.-

244 2473 331 2526 Punic
349 2476 431 2541 War;
455 2475 501 2527 the
520 2476 622 2528 second
643 2493 697 2528 war
714 2492 770 2528 was
820 2478 849 2528 in
867 2479 971 2530 Italia.
988 2481 1056 2531 ..in
1081 2480 1189 2532 Africa:
1208 2481 1349 2535 chiasmus

244 2554 291 2608 the
309 2554 455 2607 inevitable
474 2572 664 2624 consequence
677 2555 708 2609 oi
723 2556 770 2609 the
819 2557 872 2610 and
887 2558 1223 2628 asyndeton-vidistis,
1236 2566 1350 2615 exaudi-

243 2633 311 2687 first.
819 2653 894 2690 mus:
913 2637 988 2692 freed
1001 2638 1068 2693 from
1081 2642 1258 2710 dependence
1271 2661 1349 2712 upon

288 2732 312 2779 7.
338 2730 424 2780 neque
440 2755 445 2767 .
463 2755 469 2767 .
487 2756 492 2767 .
514 2732 547 2768 ne
568 2757 574 2768 .
592 2757 597 2770 .
615 2757 621 2769 .
642 2719 767 2786 quidem:
819 2724 851 2770 nt
863 2719 919 2772 and
932 2720 995 2774 thus
1009 2722 1089 2775 made
1105 2740 1179 2776 more
1198 2725 1347 2792 emphatic.

243 2812 326 2849 arare
335 2796 688 2869 combination,occurring,
699 2798 770 2851 how·
863 2818 887 2863 9.
912 2801 1011 2865 igitur:
1031 2803 1197 2874 connecting
1209 2806 1239 2857 in
1255 2805 1349 2858 melch-

243 2894 313 2942 ever,
326 2876 508 2947 occasionally
522 2879 549 2928 in
564 2879 630 2948 Livy
644 2879 707 2932 with
722 2880 770 2933 the
819 2896 850 2934 rc
866 2919 872 2932 .
891 2920 897 2932 .
915 2920 921 2933 .
938 2885 1035 2951 agitur
1047 2883 1112 2937 with
1124 2901 1173 2936 aas
1190 2922 1196 2934 .
1215 2923 1221 2934 .
1241 2923 1246 2936 .
1262 2902 1348 2938 errau-

242 2957 314 3010 iorce
323 2956 355 3010 os
361 2958 581 3029 astrengthened
595 2977 628 3012 ne
642 2999 648 3011 .
665 2999 671 3011 .
689 3000 695 3010 .
709 2962 770 3029 qui·
818 2963 918 3016 dirceus.
931 2995 967 3002 —
978 2967 1200 3032 abominaremur,
1240 2971 1349 3032 optare-

241 3037 453 3091 derrr.-vobis:
474 3039 530 3091 dat.
546 3039 577 3093 of
586 3040 707 3102 interest,
721 3050 769 3095 not
818 3045 871 3095 tis:
891 3044 1066 3098 conclusione
1089 3045 1121 3099 of
1134 3058 1348 3102 non-occurrent

242 3118 294 3171 abl.
314 3119 378 3171 with
398 3121 500 3189 drgna5
520 3122 568 3174 the
586 3121 715 3192 meaning
737 3123 768 3188 is,
819 3123 991 3192 conditions3
1024 3142 1061 3178 sc.
1086 3126 1118 3196 c'f
1138 3129 1348 3183 circumstances

242 3205 289 3251 net
300 3216 366 3252 even
374 3217 430 3268 yon
443 3201 524 3254 could
534 3202 667 3270 affardta
679 3203 769 3254 lasese
817 3221 889 3257 were
910 3205 1048 3274 different.
1056 3239 1091 3246 -
1099 3209 1139 3259 ei:
1164 3207 1296 3280 referring
1318 3219 1347 3263 to

241 3297 326 3347 many
336 3281 416 3348 fleets
434 3291 498 3348 ete,
509 3283 564 3352 far
581 3282 625 3334 the
644 3283 709 3335 salec
732 3284 768 3353 of
820 3283 911 3352 Scipio
941 3286 998 3338 and
1031 3287 1346 3355 Hannibal—quorum

240 3363 391 3432 acqra'rc'rrg
405 3363 488 3430 Sc'cr'ly
505 3362 567 3414 and
575 3363 722 3415 Sardinia.
733 3393 769 3401 —
819 3402 824 3412 .
840 3402 845 3414 .
861 3403 865 3414 .
880 3378 953 3416 esse:
975 3365 1091 3420 because
1104 3367 1152 3421 the
1170 3379 1291 3438 greatest
1305 3388 1345 3425 re-

240 3443 368 3494 tottam:
389 3442 593 3510 cs.26,13,17.
817 3445 992 3515 sponsibility
1011 3448 1103 3501 rested
1122 3465 1196 3517 upon
1218 3449 1344 3504 them.-

285 3530 309 3574 8.
336 3525 376 3576 ita
399 3563 404 3574 .
430 3561 436 3574 .
464 3562 470 3574 .
498 3525 702 3576 dimicaremus:
727 3541 769 3577 we
818 3527 845 3575 et
868 3526 967 3589 qui..
989 3565 995 3577 .
1015 3528 1157 3580 habiturae
1180 3531 1260 3582 sunt:
1280 3533 1344 3584 and
1438 3569 1439 3598 ,

244 3603 298 3672 (cle.
330 3604 399 3658 both
425 3606 548 3657 Romans
573 3604 628 3656 and
654 3605 768 3657 Cartha·
816 3606 958 3660 whatever
995 3614 1081 3662 terms
1110 3627 1151 3663 we
1181 3612 1261 3664 make
1290 3629 1344 3666 orer

240 3683 364 3753 ginians)
379 3684 476 3752 sorcght
491 3684 535 3736 the
548 3687 716 3753 pannessiares
731 3687 767 3754 af
816 3693 899 3740 states
912 3689 973 3740 wr‘ll
982 3692 1081 3759 ratisy.
1114 3696 1139 3743 ct
1150 3693 1202 3760 qui
1212 3691 1236 3744 is
1248 3691 1344 3764 ialsely
1438 3711 1439 3740 r

764 3809 822 3864 3²0
