2976 4302
216 327 298 378 Caua
317 325 360 394 11]

550 325 759 375 SELECrIONs
782 327 802 373 F
805 327 879 374 ROM
904 327 986 375 LIVY

184 513 197 564 5
216 497 286 549 tum
303 487 438 570 sponsio
459 499 492 552 et
513 511 578 571 pax
594 491 794 571 repudietur.
844 493 894 553 Ea
910 492 1053 566 fortuna,
1067 493 1106 554 iis
1124 493 1213 568 lociS,
1231 515 1318 575 quae

216 602 293 654 ante
307 592 398 674 pacis
411 595 613 656 mentionem
627 595 812 670 habuimus,
826 615 981 676 geramus
994 596 1127 672 bellum,
1140 617 1201 660 nec
1214 619 1318 679 popu·
1338 591 1342 600 ’

216 695 266 758 lus
290 697 461 759 Romanus
483 698 655 760 consulum
678 700 892 778 sponsionem
912 719 973 761 nec
995 719 1057 761 nos
1078 701 1178 762 fidem
1202 701 1318 782 populi

183 799 360 861 6R0mani
387 820 590 863 accusemus.
639 802 875 883 Numquamne
903 823 1004 865 causa
1030 803 1130 865 defiet
1156 824 1215 866 cur
1238 805 1318 866 victi

216 913 313 984 pacto
338 924 405 966 non
431 903 544 966 stetis?
590 905 735 969 Obsides
761 907 942 968 Porsinnae
969 906 1120 968 dedistis:
1145 907 1234 970 furto
1259 927 1317 970 eos

216 1007 434 1082 subduxistis:
458 1028 538 1072 auro
560 1008 726 1072 civitatem
746 1005 766 1072 a
783 1010 888 1072 Gallis
904 1007 1109 1072 redemistis:
1134 1012 1219 1074 inter
1234 1011 1318 1074 acci-

183 1137 197 1188 7
216 1111 374 1192 piendum
395 1132 512 1173 aurum
531 1111 620 1175 caesi
639 1123 733 1190 sunt:
758 1133 875 1195 pacem
896 1113 1069 1176 nobiscum
1089 1116 1263 1196 pepigistis
1279 1125 1318 1178 ut

216 1214 364 1295 legiones
390 1216 484 1277 vobis
508 1226 625 1296 captas
649 1219 914 1279 restitueremus:
937 1237 1012 1295 eam
1040 1239 1157 1298 pacem
1182 1218 1316 1281 inritam

214 1317 333 1380 facitis
382 1319 426 1382 Et
447 1339 579 1400 semper
600 1320 745 1402 aliquam
761 1320 873 1383 fraudi
889 1321 1034 1401 speciem
1050 1321 1129 1384 iuris
1145 1322 1315 1404 inponitis

182 1435 197 1484 8
217 1422 293 1484 Non
316 1422 435 1504 probat
456 1424 599 1504 populus
623 1425 796 1487 Romanus
816 1423 1039 1505 ignominiosa
1063 1446 1146 1507 pace
1167 1425 1316 1507 legiones

215 1537 377 1604 servatas;
403 1547 520 1608 pacem
543 1527 606 1590 sibi
626 1529 757 1604 habeat,
780 1529 929 1610 legiones
950 1540 1066 1610 captas
1086 1530 1204 1593 victori
1224 1533 1317 1593 resti-

215 1641 303 1707 tuat;
328 1631 391 1693 hoc
415 1631 489 1705 fide,
514 1631 578 1694 hoc
600 1632 801 1708 foederibus,
826 1633 890 1694 hoc
913 1633 1083 1696 fetialibus
1107 1635 1316 1696 caerimoniis

181 1734 352 1814 9dignum
378 1744 457 1796 erat.
504 1736 551 1798 Vt
574 1735 708 1816 quidem
732 1746 768 1798 tu
791 1736 881 1818 quod
905 1738 1017 1817 petisti
1041 1757 1101 1818 per
1125 1739 1314 1819 pactionem

215 1838 348 1914 habeas,
362 1847 411 1901 tot
423 1841 512 1902 cives
524 1839 717 1914 incolumes
730 1861 794 1921 ego
807 1860 925 1920 pacem
938 1861 1039 1922 quam
1055 1841 1116 1903 hos
1132 1841 1191 1904 tibi
1207 1842 1316 1904 remit-

214 1942 315 2004 tendo
327 1952 445 2022 pactus
458 1963 531 2004 sum
547 1963 615 2004 non
632 1944 782 2018 habeam,
800 1944 863 2006 hoc
879 1953 925 2019 tn,
942 1944 985 2006 A.
1005 1943 1146 2020 Corneli,
1166 1947 1228 2008 hoc
1243 1966 1314 2020 vos,

167 2071 197 2105 ιο
214 2046 353 2121 fetiales,
374 2046 454 2108 iuris
475 2047 631 2126 gentibus
655 2046 784 2109 dicitis?
831 2047 904 2127 Ego
927 2067 1007 2110 vero
1030 2050 1111 2111 istos
1133 2069 1216 2129 quos
1237 2049 1315 2111 dedi

214 2149 375 2211 simulatis
406 2170 467 2212 nec
499 2152 624 2231 accipio
656 2170 718 2213 nec
745 2149 823 2213 dedi
849 2151 990 2213 arbitror
1015 2171 1076 2214 nec
1102 2172 1219 2227 moror,
1248 2174 1314 2234 quo

214 2253 324 2315 minus
344 2254 378 2314 in
403 2253 569 2316 civitatem
595 2254 775 2335 obligatam
801 2256 980 2336 sponsione
1008 2255 1194 2332 commissa,
1222 2255 1314 2319 iratis

257 2449 283 2498 5.
309 2449 376 2500 quae
398 2474 404 2486 .
427 2475 433 2487 .
455 2474 462 2488 .
485 2437 642 2487 habuimus:
658 2433 738 2488 refer·

213 2514 275 2584 ring
287 2523 316 2568 to
328 2515 396 2568 both
402 2516 527 2584 fortuna
540 2516 596 2568 and
607 2516 679 2568 locr's.

257 2602 282 2646 6.
309 2597 407 2647 defiet:
439 2597 515 2662 desto,
540 2595 568 2647 in
598 2596 674 2664 place
704 2595 736 2648 of

213 2677 329 2743 deficior,
354 2675 377 2727 is
408 2693 425 2728 a
454 2675 660 2744 colloquialism,
687 2683 737 2728 not

213 2755 299 2809 found
329 2755 475 2808 elsewhere
504 2755 532 2807 in
563 2754 738 2824 Livy—bb-

213 2838 301 2888 sides:
324 2836 370 2888 the
390 2844 465 2905 story
483 2835 507 2888 is
526 2836 584 2888 told
603 2836 631 2888 in
650 2852 674 2902 2,
697 2851 736 2903 13,

213 2917 230 2968 6
249 2916 287 2984 ff,
306 2916 354 2970 but
373 2916 420 2969 the
439 2916 541 2968 release
561 2915 591 2968 of
607 2916 654 2970 the
673 2916 737 2968 hos-

213 3005 289 3066 tages
303 2996 325 3049 is
338 2996 414 3049 there
427 2995 551 3049 ascribed
560 3004 588 3048 to
602 2996 647 3048 the
661 3013 737 3049 cour-

212 3095 263 3146 age
282 3077 313 3130 of
329 3076 431 3139 Cloelia
446 3076 502 3127 and
519 3076 564 3128 the
580 3076 737 3146 generosity

213 3157 244 3210 of
265 3157 525 3210 Porsinna-auro
554 3195 561 3208 .
591 3194 597 3207 .
630 3196 635 3206 .
664 3157 737 3208 caesi

212 3238 291 3290 sunt:
312 3254 358 3290 see
377 3251 399 3305 5,
418 3237 461 3302 48,
481 3235 527 3288 8f.
568 3236 641 3301 1116,
664 3249 735 3305 11,5

213 3317 332 3370 Manlius
354 3334 416 3386 says
438 3316 483 3368 ille
504 3316 639 3386 (Furius)
663 3318 737 3368 inter

212 3415 316 3450 aurum
340 3397 529 3464 acczjor'endum
554 3402 579 3447 et
603 3398 633 3448 in
661 3400 737 3464 spem

212 3481 293 3548 pacti
316 3477 411 3529 solutis
434 3477 539 3528 animis
569 3476 661 3528 Gallos
687 3477 736 3528 ad·

207 3575 321 3628 gressus
333 3559 376 3609 sit.

256 3646 280 3690 8.
308 3651 360 3688 non
379 3639 490 3701 probat:
512 3636 665 3705 equivalent
679 3645 737 3690 toa

212 3710 362 3785 condition,
387 3716 418 3770 of
439 3716 528 3770 which
558 3716 655 3769 lrabeat
680 3718 737 3770 and

790 2437 918 2488 restituat
946 2453 991 2489 are
1022 2435 1069 2490 the
1100 2435 1315 2490 conclusion.—

790 2517 843 2568 sibi
862 2519 976 2568 habeat:
998 2517 1070 2584 keep,
1089 2519 1135 2568 tle.
1154 2517 1216 2570 take
1235 2517 1313 2584 back,

789 2596 1008 2648 annul—erat:
1033 2597 1079 2649 the
1101 2596 1204 2665 imperf.
1227 2597 1312 2651 indic.

789 2675 812 2729 is
834 2675 992 2729 sometimes
1016 2677 1085 2729 used
1107 2685 1136 2729 to
1157 2676 1275 2730 indicate
1298 2695 1315 2730 a

789 2764 999 2810 non-occurrent
1029 2757 1121 2810 action
1145 2756 1174 2810 in
1203 2767 1314 2826 present

788 2835 870 2903 time;
890 2838 972 2900 Lane,
990 2851 1064 2905 1497.

832 2934 857 2978 9.
885 2921 916 2969 ut
924 2919 1047 2981 quidem:
1062 2917 1110 2969 but
1116 2917 1178 2970 that
1185 2937 1194 2983 ,·
1204 2920 1315 2987 quidem

789 2996 945 3049 sometimes
974 2997 1129 3050 introduces
1155 3015 1171 3050 a
1196 2998 1315 3069 thought

788 3077 876 3130 which
902 3076 925 3129 is
950 3075 978 3128 in
1004 3077 1163 3146 opposition
1187 3085 1217 3132 to
1242 3079 1315 3132 what

789 3157 1047 3224 precedes-tibi:
1074 3157 1129 3210 dat.
1150 3156 1182 3211 of
1199 3157 1314 3212 interest

789 3236 853 3289 with
892 3237 1199 3290 remittenda-iuris:
1241 3247 1312 3308 part.

788 3335 853 3387 gen.
867 3317 931 3370 with
945 3318 999 3370 hoc.

834 3418 872 3452 ιο.
897 3401 1152 3451 necdediarbitror:
1174 3397 1209 3452 he
1217 3416 1314 3452 means

789 3478 848 3530 that
867 3478 914 3530 the
933 3479 1078 3532 surrender
1096 3478 1128 3532 of
1142 3479 1189 3532 the
1208 3478 1314 3532 officers

789 3557 811 3610 is
837 3557 868 3611 of
894 3576 931 3610 no
957 3559 1124 3626 importance
1147 3560 1241 3612 unless
1267 3559 1314 3612 the

788 3655 864 3707 army
878 3638 900 3691 is
916 3638 1038 3691 restored
1057 3647 1086 3692 to
1105 3637 1140 3691 its
1159 3638 1314 3708 dangerous

788 3717 918 3786 position.
930 3720 1118 3784 —sponsione
1153 3721 1312 3772 commissa:

736 3827 790 3884 182
