2966 4294
243 320 326 370 Cimo.
341 319 369 384 7]

578 318 788 368 SELECFIONS
814 316 910 365 FROM
934 315 1016 366 LIVY

243 495 355 550 tamen
372 484 456 548 alius
472 486 514 548 ab
533 485 597 548 alio
617 483 734 566 inpleti
757 482 942 544 rumoribus
966 481 1082 544 domos
1106 482 1259 545 referunt
1275 503 1351 547 con·

209 601 225 650 9
243 590 349 652 sulem
365 610 439 652 cum
461 609 583 670 magna
603 598 697 670 parte
721 587 889 667 copiarum
914 605 1059 660 caesum,
1077 605 1254 667 superesse
1271 609 1353 669 pau-

243 712 300 756 cos
322 703 378 756 aut
399 695 481 775 fuga
506 692 629 775 passim
654 711 713 771 per
739 691 905 752 Etruriam
929 709 1064 771 sparsos
1087 699 1145 753 aut
1166 702 1284 772 captos
1307 693 1351 756 ab

195 819 226 855 ιο
243 798 347 859 hoste.
396 797 487 879 Quot
503 813 599 859 casus
616 797 777 858 exercitus
796 795 874 856 victi
895 795 1038 868 fuerant,
1056 803 1105 856 tot
1119 795 1153 856 in
1170 815 1269 858 curas
1285 798 1350 860 dis-

242 901 337 964 tracti
357 900 458 962 animi
477 920 590 963 eorum
612 909 708 962 erant
730 918 870 980 quorum
895 897 1072 979 propinqui
1092 898 1154 961 sub
1171 900 1207 964 C.
1227 902 1350 964 Flami-

243 1007 297 1067 nio
321 1005 456 1067 consule
481 1013 678 1078 meruerant,
691 1001 915 1084 ignorantium
935 1021 1020 1083 quae
1033 1003 1192 1084 cuiusque
1209 1025 1347 1069 suorum

243 1109 377 1171 fortuna
393 1117 499 1183 esset;
524 1128 585 1170 nec
609 1109 783 1188 quisquam
808 1105 888 1168 satis
911 1116 1038 1168 certum
1064 1107 1166 1173 habet
1188 1111 1268 1192 quid
1288 1125 1348 1176 aut

195 1237 221 1272 11
243 1222 355 1294 speret
378 1223 436 1275 aut
459 1212 582 1275 timeat.
631 1212 766 1273 Postero
782 1230 820 1272 ac
842 1210 1001 1291 deinceps
1022 1211 1147 1294 aliquot
1168 1215 1286 1279 diebus
1303 1219 1347 1279 ad

243 1326 356 1398 portas
384 1316 488 1378 maior
519 1336 622 1397 prope
654 1315 828 1377 mulierum
860 1335 958 1396 quam
990 1317 1134 1379 virorum
1166 1320 1346 1384 multitudo

243 1420 334 1483 stetit
361 1429 417 1483 aut
445 1440 579 1482 suorum
601 1419 744 1500 aliquem
773 1428 830 1480 aut
853 1418 988 1482 nuntios
1011 1420 1053 1482 de
1080 1423 1120 1483 iis
1145 1426 1346 1503 opperiens;

243 1523 660 1604 circumfundebanturque
680 1522 785 1585 obviis
807 1521 1013 1586 sciscitantes
1037 1545 1145 1607 neque
1162 1527 1267 1603 avelli,
1286 1531 1347 1591 uti-

243 1648 308 1710 que
335 1627 377 1690 ab
400 1626 496 1702 notis
521 1619 714 1709 priusquam
738 1625 853 1689 ordine
877 1627 989 1689 omnia
1011 1627 1236 1710 inquisissent,
1255 1643 1347 1712 pote·

196 1762 225 1799 12
244 1742 326 1794 rant.
368 1732 452 1794 lnde
467 1732 576 1794 varios
592 1729 702 1792 vultus
719 1730 975 1811 digredientium
988 1731 1029 1793 ab
1043 1733 1166 1795 nuntiis
1180 1755 1345 1812 cerneres

244 1848 279 1899 ut
296 1837 415 1918 cuique
431 1835 518 1898 laeta
534 1845 590 1897 aut
608 1837 714 1898 tristia
737 1834 983 1908 nuntiabantur,
1002 1837 1267 1920 gratulantisque
1288 1852 1347 1903 aut

243 1939 445 2003 consolantis
473 1939 688 2002 redeuntibus
712 1939 829 2002 domos
852 1940 1081 2001 circumfusos.
1131 1943 1346 2006 Feminarum

197 2058 225 2107 ¹3
245 2043 423 2125 praecipue
436 2053 468 2105 et
484 2043 607 2124 gaudia
619 2043 762 2124 insignia
776 2052 871 2105 erant
887 2051 920 2104 et
937 2043 1053 2105 luctus.
1093 2045 1203 2108 Vnam
1221 2046 1253 2108 in
1272 2049 1348 2130 ipsa

245 2158 340 2231 porta
363 2149 479 2229 sospiti
503 2148 569 2209 filio
593 2156 732 2228 repente
756 2146 899 2210 oblatam
924 2148 956 2208 in
982 2148 1143 2228 conplexu
1169 2150 1239 2212 eius
1259 2153 1350 2233 expi-

245 2273 335 2315 rasse
363 2252 494 2326 ferunt;
527 2252 674 2326 alteram,
703 2250 755 2313 cui
771 2233 872 2312 'mors
898 2249 943 2311 iili
972 2250 1057 2313 falso
1084 2255 1236 2316 nuntiata
1264 2267 1347 2330 erat,

245 2365 405 2420 maestam
421 2356 593 2419 sedentem
610 2355 699 2418 domi
716 2355 757 2417 ad
780 2355 921 2436 primurn
941 2364 1157 2436 conspectum
1176 2359 1350 2423 redeuntis

197 2485 227 2534 14
245 2462 290 2524 fili
307 2460 428 2542 gaudio
445 2459 546 2522 nimio
563 2461 793 2522 exanimatam.
834 2458 995 2522 Senatum
1013 2468 1183 2540 praetores
1200 2482 1259 2542 per
1276 2464 1350 2527 dies

247 2591 368 2666 φθαρται
382 2592 415 2650 τὸ
429 2589 617 2665 στρατόπεδον
636 2590 679 2648 καὶ
697 2593 770 2648 Φλα-

245 2671 332 2746 μίνιος
343 2669 444 2732 ὕπατος
458 2674 608 2730 ἀπόλωλεν.

293 2773 331 2807 ιο.
357 2757 497 2808 distracti:
522 2756 588 2809 each
608 2773 661 2808 one
680 2754 770 2808 feared

247 2837 289 2890 for
302 2836 344 2888 his
357 2853 419 2889 own
435 2835 560 2888 relatives
574 2835 608 2887 all
628 2836 675 2888 the
688 2836 771 2888 forms

248 2917 280 2970 of
288 2916 371 2970 death
382 2916 436 2968 and
446 2914 577 2985 suffering
586 2924 615 2969 to
625 2915 713 2968 which
725 2915 771 2967 the

248 3015 323 3066 army
337 2997 389 3049 had
403 2995 474 3049 been
488 2996 622 3064 exposed3
644 2995 678 3049 cl.
691 2995 732 3059 26,
748 3010 771 3063 5,

252 3077 615 3129 1Hormibalemdiversum
636 3114 640 3126 .
662 3114 667 3125 .
688 3114 693 3125 .
713 3081 771 3126 tra-

248 3157 347 3210 hebent
354 3172 437 3208 curae
442 3175 451 3219 ,·
470 3158 538 3208 Tac.
550 3157 626 3207 Ann.
635 3169 660 3220 4,
667 3171 701 3220 40
711 3172 773 3206 cum

250 3239 279 3289 in
302 3238 390 3288 orrzm's
412 3252 495 3288 curas
520 3235 772 3287 dr'straheretur.—

250 3319 378 3382 cuiusque
395 3329 517 3368 suorum:
538 3325 585 3367 not
604 3315 708 3386 oseack
724 3331 773 3366 one

250 3398 286 3469 of
291 3397 365 3449 their
376 3397 513 3460 relatives,
527 3394 575 3447 but
585 3395 621 3465 of
627 3395 690 3448 each
703 3397 774 3447 orze's

250 3495 311 3530 own
327 3477 473 3539 relativam
494 3475 540 3528 the
557 3476 634 3527 usual
654 3475 773 3544 position

251 3558 283 3612 of
300 3560 429 3625 cuiusque
453 3555 481 3607 in
507 3554 561 3607 this
587 3555 789 3609 combination‘

252 3637 275 3691 is
293 3637 362 3690 after
379 3637 425 3689 the
444 3635 613 3704 possessive3
641 3636 674 3689 cs.
694 3653 718 3704 3,
732 3636 774 3703 36,

252 3734 284 3786 33
305 3731 399 3783 ²²‚442
413 3731 437 3767 2·

868 2609 906 2643 11.
932 2593 1073 2658 deinceps:
1094 2610 1140 2647 see
1153 2611 1190 2647 on
1206 2610 1227 2663 1,
1240 2596 1266 2664 6,
1280 2612 1303 2649 1.
1314 2629 1350 2639 -

822 2673 965 2724 mulierum
984 2710 990 2722 .
1011 2711 1017 2722 .
1037 2710 1043 2722 .
1063 2675 1225 2727 multitudo:
1252 2676 1287 2730 cs.
1307 2678 1350 2744 26,

821 2770 846 2822 9,
861 2752 1219 2818 7.-circumiundebantur
1228 2776 1241 2820 :¹
1255 2757 1351 2810 reflex-

822 2833 865 2886 ive
878 2850 908 2884 as
922 2832 978 2899 in§
996 2847 1042 2898 123
1063 2832 1098 2886 cf.
1108 2836 1349 2906 3,35‚6vulgari.

869 2931 907 2963 12.
935 2927 1070 2965 cerneres:
1104 2915 1175 2984 subj.
1199 2917 1231 2969 of
1255 2918 1350 2971 action

823 2992 998 3047 conceivable
1014 2993 1042 3045 in
1059 3003 1120 3062 past
1138 2995 1219 3060 time3
1247 3014 1293 3050 see
1313 3016 1350 3051 on

824 3074 1092 3140 2,27,6.-gaudta
1113 3114 1119 3126 .
1144 3115 1149 3126 .
1173 3115 1178 3126 .
1199 3081 1227 3129 et
1242 3080 1349 3131 luctus:

823 3157 993 3222 expressions
1010 3156 1046 3224 of
1050 3156 1101 3223 joy
1117 3158 1179 3208 and
1187 3159 1273 3228 grief
1274 3177 1283 3223 ,·
1303 3177 1351 3213 see

824 3252 860 3287 on
874 3249 898 3302 3,
911 3235 954 3300 48,
966 3251 984 3303 9
996 3235 1231 3304 z'tzdzgnatronum.

871 3331 908 3376 13.
933 3316 1063 3367 alteram:
1084 3317 1232 3387 according
1241 3319 1351 3372 toPlin.

825 3408 849 3460 7,
866 3397 913 3446 180
931 3394 987 3447 and
1001 3395 1070 3448 Gell.
1085 3412 1109 3463 3,
1127 3411 1136 3448 1
1142 3412 1165 3465 ς,
1178 3412 1195 3462 4
1208 3398 1263 3451 this
1283 3399 1353 3454 inci-

825 3475 891 3527 dent
911 3475 1039 3528 occurred
1058 3476 1127 3529 after
1145 3477 1192 3530 the
1210 3478 1297 3533 battle
1317 3480 1350 3534 of

825 3556 944 3609 Cannae.

872 3654 910 3698 14.
935 3640 1087 3701 praetores:
1132 3639 1257 3692 urbanus
1295 3641 1353 3694 and

828 3718 1002 3786 peregrinus,
1016 3717 1071 3770 and
1087 3719 1146 3772 also
1161 3721 1194 3771 T.
1210 3720 1353 3789 Otacilius,

777 3839 834 3898 250
