2976 4302
643 313 737 362 BOOK
760 312 811 360 VII
1138 311 1234 376 [Cum.
1247 324 1280 375 30

175 499 245 552 vos,
264 489 375 560 patres
399 477 586 559 conscripti,
605 479 694 540 misit
717 477 894 540 amicitiam
912 478 946 539 in
966 487 1175 560 perpetuum,
1192 477 1279 539 auxi-

176 581 255 645 lium
279 602 439 664 praesens
461 603 480 644 a
501 582 595 645 vobis
619 581 768 663 petitum.
817 581 928 662 Quam
952 581 980 643 si
1003 581 1157 644 secundis
1180 580 1279 643 rebus
1314 603 1329 638 2

176 685 299 749 nostris
323 686 531 767 petissemus,
549 687 634 748 sicut
653 694 773 766 coepta
789 685 938 761 celerius,
955 684 1002 746 ita
1017 684 1195 748 infirmiore
1210 686 1279 746 vin-

176 790 252 852 culo
283 800 454 853 contracta
484 798 591 866 esset;
624 797 704 851 tunc
734 789 833 864 enim,
862 798 897 850 ut
929 788 985 870 qui
1015 807 1055 850 ex
1086 808 1193 870 aequo
1218 808 1279 850 nos

176 893 308 956 venisse
327 895 361 954 in
380 893 558 979 amicitiam
583 893 858 968 meminissemus,
876 892 973 955 amici
997 891 1136 955 forsitan
1157 893 1280 974 pariter

177 1017 217 1060 ac
233 1017 331 1072 nunc,
346 997 484 1060 subiecti
497 1007 597 1078 atque
613 996 746 1059 obnoxii
761 995 855 1059 vobis
869 999 977 1059 minus
993 1016 1161 1072 essemus;
1179 1016 1277 1071 nunc,
1315 1012 1329 1062 3

178 1101 402 1164 misericordia
417 1109 528 1163 vestra
544 1099 709 1164 conciliati
733 1099 920 1182 auxilioque
936 1100 970 1162 in
987 1099 1095 1163 dubiis
1112 1099 1210 1162 rebus
1227 1100 1280 1163 de·

177 1205 275 1279 fensi,
299 1203 497 1267 beneficium
524 1224 656 1286 quoque
684 1213 870 1285 acceptum·
890 1204 1037 1268 colamus
1065 1214 1204 1285 oportet,
1236 1223 1279 1267 ne
1352 1271 1354 1276 ,

177 1307 300 1389 ingrati
327 1317 426 1389 atque
453 1309 543 1370 omni
571 1328 635 1388 ope
663 1307 774 1371 divina
801 1309 1013 1390 humanaque
1038 1307 1167 1389 indigni
1193 1307 1280 1372 vide·

178 1432 281 1476 amur.
330 1413 449 1494 Neque
473 1412 616 1487 hercule,
634 1412 723 1494 quod
748 1412 915 1476 Samnites
932 1413 1058 1493 priores
1077 1411 1175 1475 amici
1189 1411 1281 1476 socii·
1314 1429 1332 1479 4

179 1537 243 1598 que
274 1516 369 1579 vobis
400 1515 480 1579 facti
511 1526 597 1591 sunt,
630 1516 672 1579 ad
702 1516 736 1579 id
766 1516 877 1579 valere
907 1517 1056 1593 arbitror,
1085 1537 1127 1580 ne
1155 1537 1216 1580 nos
1245 1517 1280 1579 in

179 1620 357 1684 amicitiam
384 1619 595 1701 accipiamur,
620 1619 679 1682 sed
707 1628 743 1682 ut
769 1629 935 1683 vetustate
959 1631 993 1683 et
1017 1620 1122 1702 gradu
1146 1620 1281 1684 honoris

178 1731 240 1787 'nos
271 1733 460 1806 praestent;
497 1743 606 1805 neque
633 1724 721 1787 enim
752 1723 887 1787 foedere
919 1724 1119 1788 Samnitium
1146 1745 1189 1788 ne
1216 1745 1282 1807 qua

179 1848 266 1891 nova
289 1827 471 1910 iungeretis
495 1827 633 1891 foedera
659 1837 794 1890 cautum
818 1838 877 1891 est.
927 1827 1005 1891 Fuit
1027 1828 1161 1910 quidem
1192 1829 1281 1910 apud
1316 1845 1330 1898 5

179 1952 239 1995 vos
267 1951 399 2012 semper
427 1932 506 1994 satis
533 1933 621 1995 iusta
647 1951 749 1994 causa
775 1931 949 2006 amicitiae,
974 1932 1059 1994 velle
1086 1953 1162 1994 eum
1187 1932 1281 1996 vobis

180 2036 324 2098 amicum
350 2055 433 2108 esse,
458 2033 514 2116 qui
541 2055 600 2097 vos
628 2035 818 2116 adpeteret;
856 2035 1028 2116 Campani,
1056 2037 1119 2098 etsi
1146 2035 1282 2099 fortuna
1317 2042 1332 2090 6

180 2158 340 2220 praesens
364 2139 539 2218 magnifice
563 2139 653 2220 loqui
673 2137 835 2220 prohibet,
856 2159 923 2202 non
943 2140 1033 2204 urbis
1052 2138 1280 2220 amplitudine,

180 2263 247 2305 non
263 2243 335 2323 agri
355 2241 505 2304 ubertate
527 2242 585 2304 ulli
604 2243 729 2323 populo
748 2253 981 2324 praeterquam
1000 2243 1094 2306 vobis
1113 2244 1280 2318 cedentes

180 2346 269 2409 haud
298 2365 409 2427 parva,
439 2355 475 2409 ut
500 2345 650 2422 arbitror,
680 2346 826 2409 accessio
852 2345 948 2410 bonis
975 2346 1076 2409 rebus
1101 2347 1221 2410 vestris
1248 2348 1281 2409 in

180 2584 260 2634 sunt:
279 2580 411 2635 thechief
415 2598 477 2634 man
487 2581 518 2635 of
525 2581 707 2650 theembassy
756 2589 900 2653 argument
924 2581 957 2636 of
982 2583 1029 2636 the
1060 2601 1163 2652 envoys
1187 2582 1211 2636 is
1235 2582 1283 2635 fal·

180 2661 205 2715 is
223 2661 361 2730 supposed
380 2670 409 2714 to
428 2662 511 2730 speak
530 2661 572 2715 for
589 2662 641 2729 all,
661 2679 707 2715 see
756 2661 875 2729 lacions,
913 2663 979 2733 they
1008 2681 1077 2716 were
1107 2663 1207 2734 asking
1236 2663 1283 2717 the
1361 2717 1364 2724 ,

181 2741 363 2807 §4arbitror
375 2742 429 2795 and
443 2742 475 2796 cf.
490 2756 513 2808 7,
527 2757 569 2810 31,
582 2759 607 2811 3.
758 2745 881 2796 Romans
904 2751 932 2796 to
957 2743 1107 2797 undertake
1128 2738 1156 2796 a't
1177 2745 1245 2797 least
1266 2761 1283 2797 a

225 2840 250 2874 2.
277 2825 347 2875 sieut
359 2827 455 2888 coepta
467 2826 593 2895 celerius:
607 2822 707 2892 though
757 2822 896 2876 defensive
921 2841 975 2876 war
1001 2823 1108 2894 against
1138 2841 1155 2877 a
1184 2824 1283 2893 people

179 2905 204 2956 it
235 2903 389 2974 (arru'cr'tr'o)
422 2904 509 2974 reeriglzt
537 2904 609 2957 hove
645 2904 707 2956 been
758 2904 821 2956 with
839 2903 927 2958 whom
945 2904 1009 2974 they
1022 2904 1077 2957 had
1092 2904 1205 2958 entered
1223 2904 1283 2958 into

179 2985 325 3053 arranged
370 3001 444 3036 neore
490 2985 615 3054 quiekly3
660 2985 708 3039 the
757 2985 879 3038 alliance.
892 2987 1045 3037 —valere:
1074 2985 1107 3039 cf.
1132 2986 1174 3054 38,
1199 2985 1284 3051 28,6

181 3067 306 3118 Romans
330 3065 419 3118 would
444 3065 512 3118 have
537 3065 608 3119 been
632 3082 708 3119 more
757 3071 845 3118 metus
865 3067 906 3118 od
924 3083 1015 3120 omnes
1036 3066 1135 3133 valuit,
1155 3083 1190 3118 ne
1209 3067 1284 3119 dedi-

179 3144 264 3214 ready
283 3153 311 3198 to
330 3145 399 3198 form
418 3163 454 3198 an
472 3146 585 3200 alliance
608 3146 672 3199 with
692 3163 709 3198 a
756 3149 856 3198 tzouem
871 3150 1222 3200 recusarent—vetustate
1236 3185 1242 3199 .
1256 3185 1283 3199 ..

180 3242 344 3294 prosperous
369 3226 609 3295 people.—tunc:
635 3243 709 3280 serv·
757 3241 806 3279 nos
819 3230 974 3292 praestent:
993 3227 1034 3281 for
1042 3228 1089 3282 the
1098 3227 1283 3283 construction

180 3305 229 3376 ing
241 3323 271 3358 as
285 3306 331 3359 the
344 3307 462 3376 protasis
475 3307 516 3360 for
525 3325 640 3360 essemus
653 3307 708 3361 ancl
757 3307 790 3361 cf.
806 3323 829 3377 5,
843 3308 885 3376 36,
898 3324 922 3374 4.

179 3387 338 3440 contrasted
357 3387 421 3440 with
441 3405 514 3440 nunc
532 3387 560 3440 in
579 3387 634 3441 this
651 3389 708 3441 and
802 3404 826 3452 5.
853 3391 938 3441 velle:
971 3406 1010 3443 sc.
1033 3407 1081 3442 vos
1104 3406 1134 3441 as
1161 3388 1282 3458 subject3

180 3467 228 3519 the
248 3466 388 3538 following
407 3468 621 3522 sections-ut
642 3471 705 3534 qui:
755 3469 817 3522 tuat
830 3487 887 3538 you
908 3470 1014 3523 zuisked
1029 3470 1087 3522 him
1106 3470 1167 3522 who
1188 3470 1285 3540 souglet

179 3563 226 3600 see
239 3563 277 3600 on
290 3549 384 3619 Proef.
397 3562 425 3613 4.
757 3568 815 3619 you
826 3556 855 3602 to
866 3551 895 3602 be
901 3567 975 3618 your
980 3551 1092 3620 friend.

224 3644 247 3690 3·
274 3642 357 3681 nune:
379 3628 414 3682 cf.
432 3643 454 3695 1,
468 3629 510 3695 28,
522 3646 548 3700 9.
801 3638 824 3683 6.
849 3634 937 3683 urbis:
955 3632 1056 3700 Capua,
1065 3630 1111 3685 the
1120 3647 1284 3699 prosperous

223 3725 247 3771 4.
273 3711 343 3775 quod
367 3746 374 3762 .
399 3747 405 3761 .
431 3747 437 3760 .
461 3709 530 3762 facti
554 3714 633 3764 sunt:
660 3711 708 3766 the
756 3712 855 3781 capital
873 3711 905 3766 of
919 3710 1085 3781 Campania,
1106 3710 1139 3768 cf.
1158 3725 1181 3780 7,
1199 3726 1241 3784 31,
1261 3725 1283 3768 ι.

706 3832 761 3892 147
