2976 4302
196 306 278 354 Cerne.
294 305 339 370 30]
530 307 643 356 SELEC
643 307 658 354 Γ
661 307 740 356 10Νὸ
764 306 860 355 FROll
885 305 967 354 LlVY

164 472 374 540 7amieitiam
398 473 550 535 venimus
573 480 727 534 vestram.
775 470 905 552 Aequis
926 471 1135 552 Volscisque,
1156 472 1302 536 aeternis

198 571 348 634 hostibus
373 571 470 633 huius
489 571 588 646 urbiS,
606 571 884 652 quandocumque
902 590 937 632 se
956 571 1129 646 moverint,
1147 571 1189 634 ab
1205 582 1303 653 tergo

197 677 329 751 erimuS,
350 685 383 738 et
406 676 494 757 quod
518 695 577 738 vos
600 695 660 755 pro
680 674 787 736 salute
809 683 922 736 nostra
944 674 1071 754 priores
1094 675 1249 751 feceritis,
1268 676 1302 739 id

164 788 180 838 8
198 800 259 843 nos
272 800 332 860 pro
345 780 484 860 imperio
500 789 611 841 vestro
625 787 657 841 et
673 777 777 858 gloria
795 797 927 858 semper
941 778 1111 841 faciemus
1147 779 1302 843 Subactis

198 884 249 945 his
265 883 422 964 gentibus
438 903 524 964 quae
543 881 628 944 inter
647 901 708 944 nos
725 902 850 962 vosque
871 891 957 956 sunt,
976 882 1065 963 quod
1089 903 1194 964 prope
1214 883 1302 947 diem

198 988 347 1050 futurum
371 986 516 1069 spondet
535 995 568 1048 et
591 986 695 1048 virtus
715 996 749 1049 et
766 986 902 1048 fortuna
917 995 1036 1061 vestra,
1056 986 1230 1050 continens
1245 987 1305 1049 irn-

165 1114 181 1164 9
199 1091 327 1173 perium
352 1091 514 1172 usquead
531 1110 592 1152 nos
610 1088 782 1152 habebitis.
830 1089 999 1154 Acerbum
1022 1110 1061 1153 ac
1078 1091 1235 1153 miserum
1251 1101 1304 1155 est

200 1196 287 1278 quod
305 1195 403 1257 fateri
416 1215 477 1257 nos
493 1195 629 1256 fortuna
641 1203 755 1255 nostra
771 1193 879 1275 cogit:
903 1214 943 1257 eo
959 1203 1096 1257 ventum
1112 1205 1171 1270 est,
1190 1205 1303 1276 patres

200 1299 388 1380 conscripti,
403 1309 439 1361 ut
456 1309 512 1360 aut
525 1299 704 1361 amicorum
718 1307 777 1360 aut
787 1299 996 1360 inimicorum
1008 1298 1172 1379 Campani
1188 1300 1302 1362 simus.

153 1426 183 1462 ιο
202 1403 237 1467 Si
261 1403 451 1477 defenditis,
476 1403 586 1476 vestri,
613 1402 641 1464 si
663 1401 824 1476 deseritis,
849 1401 1046 1466 Samnitium
1072 1404 1214 1478 erimus;
1244 1404 1305 1467 Ca-

201 1528 301 1588 puam
325 1527 406 1588 ergo
434 1517 467 1569 et
491 1506 709 1587 Campaniam
734 1525 867 1568 omnem
892 1506 1012 1568 vestris
1035 1526 1079 1568 an
1105 1506 1304 1569 Samnitium

155 1639 180 1676 11
201 1610 325 1673 viribus
356 1611 513 1674 accedere
545 1610 675 1685 malitis,
708 1609 898 1673 deliberate.
961 1609 1127 1674 Omnibus
1159 1610 1302 1692 quidem,

204 1717 355 1791 Romani,
398 1724 542 1778 vestram
587 1713 847 1776 misericordiam
889 1723 1104 1795 vestrumque
1146 1713 1311 1776 auxilium'

202 1840 345 1901 aequum
369 1829 420 1882 est
446 1829 568 1901 patere,
587 1818 626 1880 iis
652 1827 763 1880 tamen
789 1817 939 1893 maxime,
960 1819 1025 1899 qui,
1051 1837 1091 1880 ea
1113 1817 1306 1898 inploranti·

203 1925 264 1987 bus
287 1925 360 1986 aliis
383 1920 575 2008 [auxilium]
601 1904 801 2003 dum'supra
822 1923 908 1984 vires
930 1941 1007 1984 suas
1026 1929 1208 2002 praestant,
1229 1931 1307 1982 ante

156 2057 185 2093 12
203 2049 319 2092 omnes
346 2029 410 2110 ipsi
437 2029 471 2090 in
498 2029 585 2089 hanc
612 2029 845 2089 necessitatem
873 2035 1045 2088 venerunt.
1094 2025 1304 2107 Quamquam

204 2134 427 2216 pugnavimus
442 2132 545 2195 verbo
569 2152 629 2213 pro
648 2128 812 2204 Sidicinis,
830 2149 864 2191 re
887 2149 947 2209 pro
968 2129 1072 2203 nobis,
1091 2148 1166 2191 cum
1182 2128 1305 2192 videre·

204 2258 277 2300 mus
297 2237 472 2299 finitimum
495 2236 657 2318 populum
680 2235 808 2296 nefario
831 2232 1003 2295 latrocinio
1023 2232 1222 2296 Samnitium
1239 2232 1307 2314 peti

204 2350 246 2416 et,
272 2341 327 2405 ubi
358 2341 621 2422 conflagrassent
650 2338 797 2412 Sidicini,
822 2337 865 2398 ad
896 2356 957 2398 nos
985 2336 1199 2399 traiecturum
1226 2336 1307 2398 illud

159 2474 187 2524 13
205 2446 394 2510 incendium
423 2465 506 2509 esse.
555 2444 628 2507 Nec
656 2441 744 2506 enim
771 2461 872 2516 nunc,
904 2439 981 2522 quia
1012 2439 1125 2503 dolent
1155 2438 1307 2503 iniuriam

125 2713 128 2720 .
205 2662 267 2716 The
288 2660 472 2731 surrounding
494 2658 600 2714 district
621 2676 676 2711 was
696 2657 733 2710 sa·
780 2655 891 2725 already
904 2663 1031 2725 suggests
1044 2655 1090 2708 the
1104 2655 1239 2724 complete
1252 2672 1309 2708 sur-

206 2761 284 2797 mous
301 2732 395 2796 sor'its
414 2743 537 2811 pleasant
555 2741 662 2794 climate
678 2738 733 2791 and
781 2737 879 2790 render
908 2735 940 2789 of
976 2735 1047 2788 their
1083 2735 1306 2804 independence,

206 2824 253 2878 the
265 2823 377 2892 fertility
389 2823 421 2876 of
430 2822 464 2875 its
478 2821 538 2875 soil.
781 2816 815 2871 cf.
832 2817 846 2880 ᾖ
861 2831 886 2868 2.

251 2921 274 2968 7.
301 2905 403 2969 Aequis
424 2905 597 2967 Volscisque:
619 2901 675 2954 dat.
700 2899 731 2953 of
828 2915 867 2948 10.
895 2896 1053 2963 defenditis,
1072 2897 1214 2962 deseritis;
1236 2912 1306 2964 pres.

207 2986 319 3039 interest
342 2984 405 3037 with
428 2985 462 3036 ab
482 2990 557 3052 tergo
578 2985 734 3036 ermens-
782 2978 823 3032 ior
847 2976 895 3030 fut.
923 2977 951 3028 in
976 2993 992 3028 a
1016 2975 1185 3030 conditional
1210 2976 1309 3039 clause,

207 3068 325 3131 quod..
346 3104 351 3115 .
369 3064 514 3116 faciemus:
533 3061 621 3114 saltate
633 3061 656 3113 is
670 3077 734 3113 con·
781 3057 885 3128 though
909 3056 929 3108 it
950 3056 972 3109 is
993 3056 1040 3109 the
1062 3057 1169 3126 regular
1190 3055 1307 3125 English

207 3145 311 3199 trasted
332 3145 396 3196 with
419 3145 534 3212 ratperti)
558 3143 613 3195 and
633 3142 733 3210 gloria,
781 3139 874 3203 idiom,
899 3137 922 3189 is
948 3137 1159 3206 comparatively
1190 3153 1248 3190 rare
1282 3135 1308 3187 in

210 3229 320 3295 przores
329 3225 393 3276 with
402 3228 526 3292 semiper,
546 3222 573 3274 in
583 3222 644 3283 fact,
654 3238 734 3290 every
782 3219 872 3271 Latin.

208 3307 281 3361 word
294 3306 322 3359 in
333 3305 380 3358 the
393 3304 450 3356 first
463 3304 554 3357 clause
564 3303 614 3355 has
628 3303 663 3355 its
676 3319 734 3355 cor·
828 3319 866 3352 11.
891 3312 938 3349 ea:
960 3299 1004 3348 ie.
1020 3298 1239 3349 misericordiam
1254 3296 1309 3348 and

208 3387 375 3456 respondent
388 3384 415 3436 in
430 3383 477 3436 the
490 3383 601 3437 second.
781 3379 1044 3432 auxilium-aliis
1064 3415 1071 3429 .
1095 3416 1101 3428 .
1124 3416 1129 3429 .
1151 3378 1307 3442 praestant:

253 3475 276 3519 8.
304 3481 386 3533 prope
415 3467 501 3517 diem:
535 3481 571 3516 an
595 3461 735 3516 idiomatic
781 3477 827 3513 see
841 3473 865 3525 7,
879 3474 921 3527 29,
936 3472 961 3526 5.

208 3547 345 3601 adverbial
365 3546 472 3615 phrase,
488 3544 563 3598 osten
582 3541 687 3611 spelled
704 3559 735 3594 as
828 3560 866 3595 12·
892 3554 920 3591 re
938 3539 1094 3602 pronubis:
1114 3555 1153 3592 sc.
1168 3539 1310 3608 pugnavi·

209 3646 261 3682 one
275 3627 356 3681 word.
782 3639 853 3674 mus.

253 3726 277 3771 9.
303 3708 464 3759 amicorum:
495 3704 541 3758 the
572 3720 645 3772 poss.
671 3719 734 3772 gen.
828 3719 865 3765 1³·
892 3717 940 3754 nec
964 3701 1053 3753 enim:
1094 3707 1143 3754 not
1176 3699 1231 3754 like
1264 3697 1310 3752 the

733 3811 787 3878 148
