2914 4290
250 309 300 358 Ba.
311 309 526 367 XXXIX,Crrnr.
539 309 585 374 51]
620 309 832 358 seul-:cnoxs
853 309 952 358 FROM
977 308 1060 357 [ΝΥ

249 472 360 538 efficit.
406 474 524 536 Totius
557 473 731 536 circuitum
761 474 881 536 domus
918 473 965 536 ita
1001 473 1163 538 custodiis
1201 475 1358 558 conplexi

217 601 233 654 7
250 588 328 641 sunt
345 587 382 639 ut
402 597 502 640 nemo
518 577 596 640 inde
618 577 705 640 elabi
728 589 852 659 posset.
900 579 1083 653 Hannibal,
1100 589 1285 660 postquam
1309 590 1360 642 est

250 683 438 744 nuntiatum
461 681 583 743 milites
605 683 716 762 regios
739 681 773 742 in
799 681 965 744 vestibulo
987 701 1073 756 esse,
1097 684 1239 763 postico,
1269 684 1358 765 quod

248 786 382 849 devium
398 783 539 848 maxime
558 795 658 867 atque
673 785 888 848 occultissimi
903 787 1011 848 exitus
1025 797 1108 860 erat,
1122 787 1246 867 fugere
1262 807 1360 850 cona-

215 899 313 965 8tus,
338 902 374 951 ut
397 889 431 951 id
461 908 593 972 quoque
623 909 764 951 occursu
794 889 934 952 militum
961 889 1160 970 obsaeptum
1191 891 1302 952 sensit
1326 901 1359 954 et

249 995 362 1056 omnia
376 993 465 1056 circa
480 994 595 1056 clausa
610 993 770 1055 custodiis
785 993 956 1074 dispositis
971 1013 1056 1070 esse,
1072 1013 1242 1056 venenum
1267 996 1358 1076 quod

249 1097 354 1159 multo
373 1107 451 1160 ante
469 1107 703 1178 praeparatum
723 1097 766 1158 ad
787 1097 872 1160 tales
895 1097 1041 1160 habebat
1062 1117 1171 1172 casus,
1188 1102 1357 1179 poposcit.

214 1206 269 1280 9“
281 1199 506 1264 Liberemus”
526 1199 633 1282 inquit
650 1200 838 1262 “diuturna
860 1221 941 1263 cura
964 1201 1126 1283 populum
1151 1202 1358 1277 Romanum,

201 1329 232 1366 ro
249 1305 383 1387 quando
407 1315 547 1366 mortem
574 1303 664 1367 senis
690 1315 885 1385 exspectare
909 1305 1048 1386 longum
1074 1316 1222 1368 censent.
1284 1307 1358 1369 Nec

248 1427 405 1490 magnam
429 1427 491 1471 nec
514 1407 763 1470 memorabilem
782 1428 824 1470 ex
842 1408 960 1472 inermi
981 1409 1181 1490 proditoque
1199 1409 1360 1472 Flamini·

248 1531 312 1574 nus
334 1511 506 1574 victoriam
528 1511 623 1574 leret
672 1513 786 1574 Mores
806 1511 941 1593 quidem
957 1512 1074 1593 populi
1091 1513 1237 1575 Romani
1254 1535 1359 1595 quan-

201 1637 228 1675 ιι
248 1625 318 1678 tum
349 1614 560 1690 mutaverint,
591 1615 645 1677 vel
676 1615 729 1677 hic
759 1616 831 1678 dies
858 1626 1056 1697 argumento
1089 1618 1160 1678 erit
1221 1618 1367 1680 Horum'

248 1729 361 1800 patres
394 1719 521 1803 Pyrrho
558 1720 638 1800 regi,
670 1718 758 1781 hosti
788 1729 925 1794 armato,
961 1720 1142 1782 exercitum
1179 1722 1215 1782 in
1257 1722 1358 1785 Italia

248 1821 393 1898 habenti,
421 1832 458 1885 ut
488 1842 508 1884 a
536 1842 667 1886 veneno
689 1833 824 1885 caveret
850 1823 1103 1903 praedixerunt;
1139 1821 1173 1886 bi
1205 1825 1356 1906 legatum

247 1926 467 2003 consularem,
484 1925 541 2009 qui
564 1935 678 1989 auctor
701 1937 791 1989 esset
815 1927 949 1990 Prusiae
972 1947 1033 2009 per
1048 1928 1157 1991 scelus
1178 1931 1356 1993 occidendi

201 2056 231 2093 12
248 2031 399 2113 hospitis,
423 2030 616 2093 miserunt.’'
665 2031 847 2092 Execratus
870 2030 990 2093 deinde
1013 2032 1047 2092 in
1071 2042 1173 2112 caput
1198 2053 1356 2114 regnum·

248 2154 313 2217 que
327 2136 471 2210 Prusiae,
484 2144 518 2197 et
533 2118 717 2216 hospitales
732 2134 813 2196 deos
828 2135 971 2198 violatae
988 2135 1031 2197 ab
1044 2155 1085 2197 eo
1102 2135 1179 2198 fidei
1190 2145 1299 2202 testes
1312 2140 1356 2200 in-

247 2259 382 2315 vocans
394 2239 550 2320 poculum
560 2239 721 2302 exhausit
771 2239 838 2301 Hic
847 2240 935 2302 vitae
945 2238 1053 2302 exitus
1063 2239 1127 2302 fuit
1138 2240 1355 2305 Hannibalis.

248 2426 365 2497 nothing
376 2425 532 2488 concealed5
551 2425 592 2479 for
606 2424 662 2478 this
678 2443 726 2478 use
741 2423 774 2478 oi
825 2428 903 2478 sent:
923 2425 965 2478 ior
974 2425 1021 2479 the
1034 2426 1119 2495 plural
1134 2425 1278 2499 following
1285 2432 1358 2499 pop

247 2509 348 2577 efficere
361 2507 424 2559 with
438 2523 473 2560 an
488 2506 543 2575 adj.
555 2505 589 2559 cf.
602 2506 697 2576 Praef.
710 2521 732 2574 5.
741 2536 777 2545 -
825 2507 903 2559 ulum
915 2523 962 2559 see
974 2523 1011 2559 on
1024 2522 1049 2572 2,
1062 2508 1105 2572 28,
1117 2524 1142 2576 9.

247 2588 373 2652 conplexi
405 2588 485 2638 sunt:
511 2603 549 2640 sc.
578 2587 677 2639 milites
706 2585 774 2639 from
872 2603 909 2636 11.
932 2589 1025 2652 patres
1049 2625 1055 2636 .
1079 2625 1085 2637 .
1109 2625 1116 2637 .
1140 2589 1355 2652 praedixerunt:

827 2666 967 2732 Periocha,
973 2667 1176 2732 Bk.XlII‚cum
1187 2669 1216 2720 C.
1225 2671 1359 2724 Fabricio

825 2747 930 2800 consuli
946 2749 972 2798 is
991 2749 1043 2815 qui
1061 2749 1103 2800 ad
1120 2765 1184 2799 eum
1202 2765 1221 2799 a
1243 2751 1358 2817 Pyrrho

824 2828 1021 2897 transfugerat
1028 2828 1205 2896 pollireretur
1214 2845 1357 2883 venenum

249 2671 316 2812 Mb.
337 2749 489 2802 restibulo:
516 2765 561 2800 see
586 2763 624 2801 on
643 2761 667 2815 5,
686 2761 730 2812 41,
750 2747 775 2797 8.

248 2831 410 2895 -posticoz
437 2830 468 2898 by
488 2845 506 2880 a
528 2827 593 2880 back
613 2827 697 2891 d00r3
721 2826 775 2879 abl.

249 2913 280 2967 os
289 2912 336 2965 the
349 2908 577 2981 way-devium
595 2946 601 2958 .
619 2945 625 2957 .
643 2945 650 2957 .
667 2907 774 2958 exitus:

250 2994 291 3048 for
314 2992 361 3046 the
385 2988 573 3045 combination
601 3004 647 3041 see
671 3004 708 3039 on
733 3001 776 3053 21,

250 3090 292 3144 29,
304 3087 330 3139 4.

294 3159 317 3206 8.
339 3152 532 3218 praeparatum
552 3187 559 3201 .
580 3187 586 3200 .
609 3186 616 3200 .
640 3149 774 3199 habebat:

250 3252 296 3289 see
315 3251 352 3288 on
374 3250 398 3302 3,
417 3233 460 3298 48,
482 3233 775 3284 1.—ad...casus:

250 3315 284 3369 cs.
304 3317 319 3383 ξ
339 3330 370 3384 5;
392 3329 435 3382 30,
457 3326 495 3381 ις,
514 3326 532 3376 4
541 3312 637 3379 fidum
654 3326 668 3362 c
688 3312 778 3362 servis

250 3401 338 3462 vocat,
368 3394 417 3446 sub
446 3394 523 3444 cm'us
553 3392 675 3443 custodia
705 3391 779 3458 regio

251 3493 325 3530 mm
337 3476 378 3528 ad
383 3477 488 3527 incerta
493 3473 633 3542 fortunae
641 3486 778 3523 vencnum

250 3561 320 3610 crat.

296 3657 319 3702 9.
342 3637 432 3689 senis:
457 3633 492 3687 he
510 3650 566 3686 was
584 3632 611 3684 in
633 3631 676 3684 his
695 3630 779 3700 sixty·

252 3716 313 3769 fifth
334 3731 413 3785 year;
439 3713 472 3767 cf.
491 3729 533 3782 30,
559 3727 602 3781 30,
629 3726 780 3767 10.-cen·

825 2924 853 2960 se
870 2909 931 2976 regi
946 2908 1091 2972 daturum,
1107 2925 1169 2959 cum
1187 2910 1293 2962 indicio
1311 2913 1354 2964 ad

825 3003 915 3057 regem
933 2989 1066 3040 remissus
1082 2993 1140 3039 est:
1159 2989 1312 3060 according
1329 3000 1357 3045 to

826 3067 951 3122 Valerius
973 3067 1072 3120 Antias
1094 3068 1123 3120 in
1145 3069 1215 3121 Gell.
1238 3085 1264 3136 3,
1286 3071 1312 3135 8,
1333 3085 1356 3140 5,

826 3148 873 3201 the
886 3154 980 3201 senate
995 3154 1058 3200 sent
1073 3165 1178 3217 envoys
1191 3156 1220 3202 to
1234 3151 1357 3218 Pyrrhus

827 3228 891 3280 with
919 3227 966 3281 the
993 3227 1265 3282 information-hi
1289 3268 1295 3280 .
1320 3269 1327 3280 .
1350 3269 1357 3281 .

827 3309 973 3359 miserunt:
992 3307 1026 3361 cl.
1037 3307 1070 3372 ἐξ
1081 3323 1105 3373 2,
1116 3324 1148 3376 33
1167 3309 1319 3381 according
1329 3320 1356 3364 to

827 3389 898 3442 Plut.
921 3403 962 3454 21,
986 3388 1155 3441 Flamininus
1180 3406 1236 3442 was
1262 3392 1357 3462 acting

828 3469 942 3538 entirely
955 3485 1027 3537 upon
1041 3468 1084 3521 his
1099 3486 1161 3521 own
1177 3471 1356 3538 responsibil-

828 3549 867 3620 ity
888 3549 917 3601 in
940 3548 995 3602 this
1017 3557 1115 3601 matter
1135 3549 1192 3602 and
1213 3567 1270 3604 was
1293 3569 1356 3621 very

827 3629 966 3701 generally
990 3628 1123 3682 censured
1148 3630 1230 3683 when
1254 3631 1278 3686 it
1302 3648 1354 3686 was

828 3709 955 3780 reported
972 3716 1000 3762 at
1020 3711 1116 3763 Rome.

776 3832 836 3894 350
