2914 4290
257 299 306 348 ΒΚ.
320 299 446 358 XXXIII,
455 299 537 348 CHAP.
550 299 595 364 33]
633 299 844 350 SELECIIONS
866 301 964 350 FROM
989 301 1071 352 LIVY

257 463 417 544 gaudium
433 483 473 526 ex
489 473 557 526 tam
581 462 704 545 insigni
727 463 854 545 gloriae
874 465 985 528 fructu
1005 465 1091 530 vires
1111 467 1358 550 suppeditabat.

223 589 241 637 4
260 567 332 631 Nec
356 587 515 649 praesens
535 568 764 631 tantummodo
780 569 890 632 eflusa
906 579 957 632 est
977 569 1110 645 laetitia,
1128 573 1188 634 sed
1204 593 1265 654 per
1281 572 1360 634 mul-

257 679 310 734 tos
335 671 406 734 dies
430 672 533 752 gratis
557 681 591 734 et
614 671 869 752 cogitationibus
892 682 927 736 et
949 675 1157 738 sermonibus
1180 684 1360 739 renovata:

225 802 239 856 5
257 794 332 838 esse
347 775 490 856 aliquam
508 776 541 836 in
554 776 649 838 terris
662 786 808 856 gentem,
822 797 907 857 quae
925 797 984 840 sua
1000 777 1150 859 Inpensa,
1168 799 1228 842 suo
1248 780 1360 843 labore

225 899 296 950 fiac
320 879 466 960 perIculo
483 878 571 941 bella
586 889 681 960 gerat
702 900 762 961 pro
779 879 929 944 libertate
949 881 1088 944 aliorum
1105 902 1167 945 nec
1185 884 1249 946 hoc
1267 884 1360 947 finiti-

259 984 320 1044 mis
342 992 398 1045 aut
420 982 627 1064 propinquae
645 983 823 1046 vicinitatis
848 984 1036 1048 hominibus
1060 995 1117 1048 aut
1140 986 1236 1050 terris
1261 990 1361 1050 conti-

226 1112 240 1164 7
258 1085 414 1149 uentibus
437 1087 558 1149 iunctis
582 1097 738 1168 praestet,
757 1088 815 1151 sed
838 1088 942 1152 maria
963 1088 1100 1166 traiciat,
1118 1111 1161 1153 ne
1180 1092 1271 1173 quod
1290 1101 1360 1154 toto

258 1189 338 1253 orbe
361 1199 523 1253 terrarum
546 1192 705 1254 iniustum
729 1191 903 1274 imperium
929 1192 978 1268 sit,
999 1193 1121 1276 ubique
1144 1194 1205 1270 ius,
1225 1197 1291 1270 fas,
1311 1195 1361 1258 lex

258 1295 489 1375 potentissima
508 1295 594 1356 sint.
641 1295 718 1358 Vna
748 1316 830 1359 voce
862 1297 1038 1378 praeconis
1065 1296 1220 1360 liberatas
1253 1301 1361 1362 omnis

225 1396 420 1466 8Graeciae
448 1406 547 1480 atque
574 1399 678 1462 Asiae
704 1399 820 1476 urbes;
849 1400 912 1462 hoc
938 1421 998 1481 spe
1023 1403 1200 1483 concipere
1224 1402 1361 1466 audacis

258 1500 360 1563 animi
382 1502 496 1578 fuisse,
517 1502 560 1565 ad
578 1501 738 1567 effectum
758 1503 923 1568 adducere
943 1513 978 1568 et
996 1503 1126 1568 virtutis
1146 1515 1181 1569 et
1203 1505 1362 1570 fortunae

257 1605 412 1687 ingentis.

644 1813 745 1878 Boon
775 1815 966 1878 XXXVIII

694 1977 777 2032 Trial
791 1979 827 2050 os
838 1979 929 2048 Scapti)

224 2167 242 2214 4
302 2157 351 2220 50.
385 2139 564 2222 Oppressit
587 2140 707 2204 deinde
726 2140 929 2204 mentionem
949 2142 1209 2223 memoriamque
1227 2163 1361 2206 omnem

207 2242 249 2333 gig,
258 2245 479 2308 contentionis
507 2245 603 2306 huius
632 2244 736 2307 maius
762 2254 894 2308 etcum
920 2245 1043 2308 maiore
1068 2255 1102 2307 et
1126 2246 1266 2308 clariore
1291 2248 1363 2309 viro
1438 2265 1439 2314 t

259 2409 318 2463 that
331 2409 410 2463 when
424 2409 529 2464 elected
542 2409 637 2462 consul
653 2409 733 2478 (199)
747 2409 781 2463 he
834 2410 885 2475 ius,
899 2410 951 2476 Ias,
964 2411 1024 2461 lex:
1049 2409 1116 2478 Livy
1134 2409 1184 2462 has
1201 2411 1246 2461 ius
1254 2411 1363 2480 fasque

259 2507 313 2543 was
321 2498 419 2560 notyet
428 2489 779 2559 thirty.—glorirteiructu:
834 2492 928 2543 orius
948 2506 981 2542 ac
993 2490 1048 2561 sas
1068 2489 1227 2558 frequently,
1243 2490 1291 2543 but
1313 2500 1362 2544 not

257 2573 389 2624 accession
402 2570 537 2640 cffsame5
557 2570 590 2624 ci.
604 2584 646 2636 27,
659 2583 691 2638 45
716 2585 741 2639 5.
834 2570 980 2624 elsewhere
999 2570 1053 2623 this
1073 2570 1269 2624 combination.
1316 2574 1362 2623 ius

301 2674 324 2718 4.
351 2656 453 2720 gratis:
469 2651 599 2721 grateful
605 2669 613 2714 ;
632 2649 783 2720 qualisying
834 2651 889 2704 and
902 2650 1002 2704 laxare
1015 2649 1090 2704 often
1103 2649 1301 2720 synonymous,
1312 2651 1362 2704 but

258 2731 304 2784 the
317 2740 371 2785 two
384 2731 525 2801 following
538 2748 636 2784 nouns.
834 2729 899 2784 here
917 2733 962 2783 ius
980 2731 1002 2784 is
1019 2731 1069 2784 the
1087 2730 1208 2784 abstract
1226 2731 1362 2799 principle

301 2823 324 2867 6.
351 2819 400 2868 hoc
423 2855 429 2868 .
454 2855 459 2866 .
483 2855 489 2868 .
512 2819 648 2880 praestet:
681 2812 782 2865 render
833 2811 866 2864 oi
879 2811 981 2864 human
996 2812 1047 2864 law
1063 2828 1093 2864 as
1111 2810 1235 2880 opposed
1253 2819 1283 2864 to
1300 2812 1362 2864 that

256 2893 311 2946 tlu's
332 2895 660 2962 servire—propinquae
684 2897 781 2949 ulcinI·
834 2892 866 2945 oi
880 2890 972 2944 divine
989 2892 1040 2944 law
1061 2891 1156 2962 (fas),
1176 2890 1255 2944 while
1273 2891 1319 2944 lex
1338 2892 1362 2944 is

256 2980 341 3032 tatis:
363 2973 514 3044 indicating
532 2974 612 3028 those
631 2974 782 3029 somewhat
834 2973 881 3026 the
895 2980 1021 3027 concrete
1035 2971 1108 3041 body
1121 2970 1153 3025 of
1165 2971 1224 3024 law.
1234 2973 1362 3024 —Asiae

246 3074 331 3110 more
341 3064 443 3108 remote
457 3055 657 3123 thanfinilz'mr'.
666 3061 781 3111 -iunc·
833 3063 927 3111 urbes:
950 3062 1000 3107 not
1014 3052 1174 3106 mentioned
1187 3052 1215 3104 in
1225 3051 1272 3104 the
1282 3069 1363 3121 proc·

256 3143 309 3193 tis:
351 3135 501 3206 qualifying
531 3136 703 3201 homim'bus3
740 3135 780 3188 lit.
833 3135 972 3199 lamahon,
983 3133 1072 3186 which
1086 3132 1142 3185 had
1155 3131 1282 3185 included
1296 3133 1362 3202 only

255 3219 329 3271 those
339 3218 481 3270 corrnected
490 3217 521 3285 by
530 3217 780 3287 ardhim'nglandu
834 3216 880 3269 the
917 3222 1002 3268 states
1042 3213 1158 3282 actually
1189 3211 1295 3282 subject
1332 3220 1362 3265 to

256 3299 344 3365 these,
358 3297 462 3367 though
488 3315 564 3352 more
588 3305 691 3351 remote
713 3297 781 3350 than
834 3296 939 3366 Philip;
960 3313 1005 3349 see
1023 3309 1065 3362 33,
1079 3309 1122 3362 30,
1138 3308 1148 3344 1
1167 3292 1186 3344 f.
1202 3292 1306 3362 quoted
1323 3310 1362 3346 on

256 3380 336 3434 those
340 3381 517 3448 propinquae
524 3379 685 3444 vicinitatis,
692 3377 781 3431 would
833 3392 875 3445 33,
889 3392 931 3445 32,
946 3391 968 3445 5.

256 3461 292 3514 be
305 3477 379 3513 more
392 3459 540 3512 accessible
554 3458 621 3511 than
635 3458 715 3512 those
732 3457 782 3511 liv·

255 3542 305 3611 ing
317 3557 410 3594 across
424 3539 470 3593 the
483 3556 539 3592 sea.
878 3537 956 3591 Book
973 3536 1136 3590 XXXVlll.
1154 3534 1271 3585 504-53.
1296 3532 1362 3586 Ref-

300 3643 322 3690 7.
348 3627 462 3690 ubique:
510 3621 557 3672 but
591 3619 653 3672 that
687 3635 781 3686 every·
832 3633 960 3672 erences:
992 3616 1089 3686 Polyb.
1125 3631 1167 3683 23,
1206 3629 1246 3680 14.
1297 3613 1360 3666 Val.
1438 3633 1439 3696 y

255 3703 365 3765 where5
384 3700 555 3754 adversative
571 3700 781 3770 asyndeton-
833 3701 907 3751 Max.
922 3713 946 3766 3,
960 3711 1027 3768 7‚1;
1049 3712 1073 3766 5,
1087 3712 1111 3764 3,
1123 3711 1148 3748 2.
1188 3694 1360 3760 Gell.4,18;
1438 3707 1439 3734 I

778 3823 836 3882 334
