2976 4302
211 276 426 334 anlncmi.
442 275 487 340 31]
544 274 753 324 SELECFIONS
778 276 874 323 FROM
900 275 982 324 LIVY

178 451 193 499 8
212 441 323 522 itaque
339 440 507 521 extemplo
523 438 608 501 mitti
621 438 663 501 ad
680 438 848 502 Samnites
864 439 996 520 placuit.
1039 439 1128 503 Data
1144 439 1313 515 mandata,

212 554 248 606 ut
264 563 379 625 preces
397 544 653 623 Campanorum,
671 562 869 623 responsum
887 553 1022 606 senatus
1039 543 1203 606 amicitiae
1221 544 1315 608 Sam-

212 648 329 711 nitium
361 668 495 722 memor,
524 646 726 708 deditionem
758 657 927 728 postremo
954 647 1078 709 iactam
1108 647 1314 710 Samnitibus

178 772 194 819 9
212 761 436 833 exponerent3
460 759 613 831 peterent
630 770 689 830 pro
702 749 861 813 societate
876 750 1085 832 amicitiaque
1099 761 1134 813 ut
1150 750 1314 813 dediticiis

213 858 280 918 suis
297 865 471 936 parcerent
487 873 596 935 neque
613 855 646 914 in
659 874 734 916 eum
749 874 865 935 agrum
883 857 937 937 qui
955 855 1070 936 populi
1089 854 1232 917 Romani
1247 856 1314 917 fac·

166 981 195 1017 10
212 970 265 1023 tus
282 969 370 1022 esset
393 958 525 1021 hostilia
541 978 633 1020 arma
649 957 830 1033 inferrent;
855 958 883 1020 si
904 959 1020 1021 leniter
1039 959 1171 1039 agendo
1195 979 1314 1040 parum

213 1065 419 1145 proficerent,
438 1063 672 1126 denuntiarent
697 1063 901 1127 Samnitibus
926 1063 1039 1144 populi
1061 1064 1204 1127 Romani
1221 1083 1316 1126 sena·

213 1178 332 1249 tusque
345 1166 454 1230 verbis
468 1176 504 1230 ut
517 1168 634 1247 Capua
650 1168 732 1230 urbe
745 1168 984 1249 Campanoque
1001 1188 1081 1248 agro
1098 1167 1312 1230 abstinerent.

167 1298 191 1333 rr
215 1273 309 1334 Haec
341 1271 460 1352 legatis
492 1271 669 1352 agentibus
697 1273 729 1332 in
757 1272 898 1334 concilio
926 1271 1124 1334 Samnitium
1152 1272 1235 1334 adeo
1263 1281 1314 1334 est

213 1376 369 1438 ferociter
385 1396 582 1456 responsum
596 1385 632 1437 ut
649 1395 715 1436 non
729 1376 836 1437 solum
853 1386 1007 1456 gesturos
1024 1396 1060 1438 se
1076 1395 1150 1437 esse
1166 1376 1315 1439 dicerent

214 1480 246 1542 id
261 1480 395 1554 bellum,
414 1480 471 1542 sed
490 1481 703 1561 magistratus
728 1465 841 1541 eorum
859 1500 877 1542 e
894 1481 985 1541 curia
1000 1481 1127 1560 egressi
1149 1479 1314 1543 stantibus

214 1584 331 1664 legatis
363 1585 552 1664 praefectos
580 1585 765 1645 cohortium
792 1593 951 1645 vocarent
980 1584 1086 1663 iisque
1116 1584 1206 1645 clara
1231 1604 1315 1646 voce

166 1715 196 1750 12
213 1690 415 1769 imperarent
437 1697 471 1748 ut
496 1686 692 1767 praedatum
716 1686 749 1748 in
774 1706 891 1768 agrum
916 1686 1125 1768 Campanum
1146 1687 1315 1768 extemplo

213 1791 511 1875 proficiscerentur.

680 2007 779 2068 Boot<
803 2005 853 2068 IX

558 2169 652 2222 Battle
664 2171 699 2240 (γ’
704 2170 749 2222 tlte
764 2171 888 2223 Caudina
899 2171 970 2223 Pass

183 2352 192 2386 1
259 2345 285 2388 1.
319 2325 476 2406 Sequitur
493 2325 581 2386 hunc
598 2344 721 2386 annum
740 2323 858 2386 nobilis
875 2324 969 2386 clade
994 2324 1147 2387 Romana
1163 2324 1317 2388 Caudina

181 2451 195 2486 2
214 2450 287 2510 pax,
306 2430 343 2491 T.
361 2428 500 2491 Veturio
524 2428 672 2503 Calvino,
697 2430 755 2508 Sp.
779 2428 948 2490 Postumio
970 2427 1171 2490 consulibus.
1220 2429 1316 2492 Sam·

164 2533 300 2613 ῗξζηίτεε
325 2553 365 2594 eo
392 2552 480 2594 anno
511 2532 744 2613 imperatorem
770 2532 806 2596 C.
833 2533 995 2608 Pontium,
1023 2531 1175 2596 Herenni
1200 2531 1314 2608 lilium,

214 2716 289 2767 visa:
310 2714 397 2767 hortor
409 2715 515 2767 seerned
526 2724 553 2766 to
563 2714 592 2767 be
603 2720 634 2766 at
646 2714 740 2778 stake3
790 2714 932 2780 Carnceni,
958 2714 1013 2767 and
1039 2715 1168 2785 Hirpini.
1185 2745 1220 2754 -
1238 2727 1317 2780 prae-

215 2795 282 2864 Livy
295 2795 455 2863 apparently
469 2794 516 2847 did
532 2804 580 2847 not
598 2794 741 2864 recognize
788 2797 873 2851 tectos
892 2799 1057 2851 cohortium:
1078 2812 1094 2847 a
1111 2812 1190 2848 name
1205 2793 1316 2864 applied

215 2876 260 2930 the
282 2874 422 2943 absurdity
445 2874 473 2926 in
496 2873 538 2926 his
561 2892 608 2927 use
634 2875 664 2927 of
685 2874 740 2927 this
787 2875 855 2928 later
874 2883 902 2928 to
920 2874 1025 2928 officers
1044 2874 1193 2944 appointed
1212 2875 1249 2944 by
1267 2875 1315 2928 the

215 2957 289 3010 word
313 2955 400 3008 under
424 2955 470 3007 the
491 2963 603 3024 present
628 2954 741 3008 circum·
787 2955 897 3008 consuls
918 2963 947 3008 to
969 2955 1114 3009 command
1136 2955 1183 3008 the
1203 2954 1316 3008 auxilia-

214 3045 331 3090 stances.
787 3034 855 3102 ries3
889 3035 953 3088 here
982 3037 1049 3089 used
1081 3036 1184 3106 loosely
1210 3035 1241 3089 of
1267 3036 1316 3089 the

260 3134 299 3168 ιο.
325 3117 423 3169 leniter
432 3118 553 3182 agendo:
567 3115 600 3169 cf.
610 3132 634 3184 3,
646 3131 686 3186 50,
698 3130 738 3168 12.
788 3115 911 3170 Samnite
936 3117 1134 3170 commanders.

213 3201 349 3267 —populi
362 3196 478 3250 Romani
490 3203 671 3266 senatusque:
693 3197 740 3249 the

214 3279 293 3332 order
311 3277 334 3330 is
353 3278 476 3344 unusual,
491 3277 539 3330 but
559 3293 653 3330 occurs
672 3277 740 3330 else·
832 3277 908 3331 Book
935 3279 984 3330 lX.
1013 3279 1099 3328 1-11.
1132 3276 1313 3331 References:

214 3359 301 3412 where
324 3357 352 3409 in
375 3356 611 3428 Livy-verbis:
634 3374 681 3410 see
702 3374 739 3410 on
760 3384 762 3388 ·
787 3357 870 3410 Dion.
909 3358 973 3410 Hal.
1009 3357 1047 3421 16,
1082 3373 1097 3425 3
1127 3356 1155 3408 ff.
1195 3357 1315 3426 Appian,

213 3454 238 3506 3,
253 3454 294 3508 50,
309 3453 350 3508 15.
785 3439 884 3490 Samn.
906 3452 930 3502 4.
962 3438 1043 3490 Oros.
1063 3452 1087 3504 3,
1112 3452 1150 3506 ις.
1180 3436 1315 3502 Niebuhr,

258 3537 298 3570 11.
322 3519 450 3571 concilio:
470 3515 665 3588 ameetingof
679 3534 738 3586 rep
786 3533 810 3584 3,
835 3532 964 3584 aro-223.
1010 3517 1105 3581 Lewis,
1131 3532 1155 3582 2,
1179 3531 1312 3586 445-459.

212 3599 392 3652 resentatives
406 3599 473 3652 from
484 3599 531 3651 the
542 3599 650 3651 various
661 3599 739 3651 Sam·
785 3598 861 3661 lhne‚
884 3613 905 3663 1,
931 3611 1060 3666 395-400.
1098 3599 1264 3664 Mommsen,
1293 3613 1316 3665 1,

212 3677 270 3732 nite
302 3678 395 3744 tribeS,
415 3711 450 3717 —
472 3680 600 3746 Caudini,
632 3679 736 3742 Pentri,
785 3691 917 3744 470-473.

735 3797 789 3856 152
