2976 4302
233 313 282 362 Bx.
295 313 344 374 ΙΙΙ,
356 312 438 361 Cuxr.
452 313 496 377 52]
565 312 775 361 SELECHONS
798 312 895 361 FROM
919 313 1002 360 LIVY

199 490 215 539 6
235 477 395 538 Horatius
415 496 453 538 ac
474 477 628 539 Valerius
647 476 936 538 vociferabantur:
962 477 1081 558 “Quid
1105 477 1332 558 expectabitis‚

234 589 345 661 patres
365 579 567 661 conscripti?
614 579 650 642 Si
668 579 846 642 decemviri
865 581 965 642 finem
982 582 1184 661 pertinaciae
1204 602 1270 644 non
1288 582 1334 642 la-

233 685 332 759 ciunt,
347 703 442 745 ruere
455 703 494 745 ac
507 681 691 763 deflagrare
704 683 816 745 omnia
828 683 959 764 passuri
974 685 1077 746 estis?
1108 685 1208 766 Quod
1222 695 1333 747 autem

232 788 320 850 istud
335 786 511 868 imperium
528 796 588 862 est,
602 788 791 862 decemviri,
806 788 894 868 quod
911 789 1055 868 amplexi
1070 787 1214 850 tenetis?
1253 789 1334 851 Tec-

200 891 273 958 7tis
297 911 335 953 ac
360 890 541 972 parietibus
564 891 635 951 iura
660 891 780 952 dicturi
803 891 905 954 estis?
953 892 1029 954 Non
1054 892 1158 973 pudet
1180 892 1333 954 lictorum

232 1005 417 1058 vestrorum
433 994 590 1056 maiorem
609 1015 714 1076 prope
731 1014 905 1057 numerum
922 997 957 1056 in
973 995 1046 1057 foro
1062 995 1212 1076 conspici
1233 1016 1333 1077 quarn

232 1109 420 1180 togatorum
437 1098 598 1161 aliorum?
637 1099 736 1179 Quid,
752 1099 779 1160 si
796 1099 908 1162 hostes
925 1099 967 1160 ad
980 1099 1095 1162 urbem
1108 1101 1253 1175 veniant,
1267 1101 1335 1162 fac-

231 1205 296 1265 turi
314 1202 416 1265 estis?
462 1203 561 1285 Quid,
580 1201 607 1264 si
629 1202 724 1285 plebs
746 1223 828 1278 mox,
846 1202 902 1265 ubi
924 1223 1040 1284 parum
1060 1203 1248 1266 secessione
1269 1225 1335 1267 mo-

231 1317 517 1383 veamur,-armata
529 1307 663 1370 veniat?
710 1306 887 1369 Occasune
904 1307 994 1370 urbis
1011 1307 1110 1370 vultis
1126 1309 1220 1371 finire
1232 1309 1334 1390 impe·

198 1417 213 1466 8
232 1412 338 1473 rium?
384 1412 490 1494 Atqui
512 1421 569 1473 aut
585 1411 679 1491 plebs
697 1431 763 1472 non
780 1420 831 1473 est
847 1411 1003 1475 habenda
1019 1421 1075 1474 aut
1092 1410 1238 1474 habendi
1255 1423 1334 1474 sunt

231 1515 355 1578 tribuni
379 1515 494 1596 plebis,
544 1516 615 1577 Nos
632 1516 728 1577 citius
746 1516 950 1578 caruerimus
972 1515 1119 1596 patriciis
1136 1515 1332 1596 magistrati·

197 1642 213 1688 9
231 1618 293 1681 bus
310 1640 409 1701 quam
426 1619 471 1681 illi
496 1619 632 1700 plebeis.
680 1620 811 1681 Novam
835 1619 1109 1701 inexpertamque
1130 1640 1203 1682 eam
1226 1630 1333 1700 potcs-

231 1732 332 1785 tatem
353 1724 504 1802 eripuere
527 1723 676 1804 patribus
695 1725 835 1800 nostris;
860 1744 902 1786 ne
925 1744 1013 1786 nunc
1036 1724 1212 1787 dulcedine
1229 1723 1332 1787 semel

232 1827 321 1908 capti
343 1827 455 1889 ferant
471 1827 681 1902 desiderium,
700 1847 774 1890 cum
795 1829 988 1908 praesertim
1011 1848 1072 1890 nec
1089 1849 1150 1890 nos
1172 1839 1333 1910 tempere-

184 1947 213 1981 10
232 1951 305 1992 mus
321 1931 477 2011 imperiis,
495 1951 560 2012 quo
578 1933 688 1993 minus
704 1931 751 1993 illi
767 1933 866 1993 auxili
888 1933 1041 2014 egeant.''
1090 1934 1174 1997 Cum
1191 1934 1273 1996 haec
1290 1953 1331 1996 ex

231 2035 321 2097 omni
337 2044 431 2116 parte
447 2036 659 2109 iactarentur,
672 2036 750 2098 victi
766 2056 930 2099 consensu
944 2037 1123 2100 decemviri
1139 2038 1269 2100 futuros
1286 2058 1330 2113 se,

183 2157 209 2191 11
231 2140 363 2220 quando
387 2139 433 2201 ita
455 2140 616 2213 videatur,
641 2141 675 2200 in
706 2149 871 2220 potestate
902 2151 1033 2221 patrum
1057 2143 1243 2205 adfirmant.
1292 2142 1332 2204 ld

231 2244 329 2306 modo
346 2243 443 2305 simul
459 2252 556 2305 orant
571 2263 610 2306 ac
633 2255 777 2319 monent,
796 2254 832 2306 ut
855 2245 935 2326 ipsis
959 2246 1001 2308 ab
1020 2246 1144 2309 invidia
1164 2257 1330 2323 caveatur,

231 2367 292 2410 nec
309 2368 368 2409 suo
382 2349 545 2428 sanguine
557 2348 599 2409 ad
616 2347 780 2429 supplicia
797 2358 928 2429 patrum
945 2350 1076 2430 plebem
1090 2351 1330 2415 adsuefaciant.

230 2524 292 2560 case
314 2506 346 2560 of
366 2506 637 2576 hysteron-proteron
648 2526 654 2574 ς
667 2548 672 2559 ,
687 2507 756 2561 after
807 2509 867 2577 they
879 2511 944 2562 bear
955 2510 1000 2563 tlre
1012 2509 1072 2563 lack
1084 2512 1120 2580 os
1126 2512 1149 2563 it
1156 2529 1165 2575 ,¹
1185 2510 1272 2564 nefor
1285 2512 1333 2566 the

230 2588 276 2640 the
293 2587 338 2638 fall
360 2586 391 2640 os
409 2587 455 2640 the
475 2587 607 2657 building‚
622 2589 669 2641 the
682 2588 756 2640 ruins
807 2607 882 2642 more
908 2592 983 2644 usual
1010 2593 1233 2644 nedum—cum
1257 2607 1334 2657 prae-

230 2668 308 2721 catch
322 2668 369 2720 fire
382 2667 494 2720 andare
508 2668 665 2736 destroyed.
807 2673 901 2722 sertim
911 2691 916 2722 :
926 2671 1026 2740 always
1035 2671 1063 2722 in
1070 2672 1124 2725 this
1132 2671 1211 2726 order
1219 2672 1247 2724 in
1255 2672 1331 2742 Livy.

274 2765 298 2812 7.
325 2750 470 2800 sihostes.
486 2786 491 2798 .
506 2786 512 2798 .
526 2750 655 2801 veniant:
681 2748 716 2803 cf.
732 2764 756 2815 2,
805 2767 896 2804 -nec
907 2775 930 2796 =
944 2769 1014 2804 non:
1034 2770 1081 2805 see
1094 2769 1131 2806 on
1146 2768 1168 2819 1,
1182 2769 1224 2822 25,
1240 2768 1281 2805 ιο.

230 2844 272 2897 32,
286 2829 309 2881 6.
852 2850 891 2884 ιο.
920 2833 1333 2904 quando:usedostenbyLivy

274 2917 298 2961 8.
323 2924 376 2962 non
400 2912 443 2962 est
465 2913 604 2963 habenda:
634 2916 709 2963 nturi
729 2911 757 2963 be
806 2911 848 2965 for
865 2913 1105 2982 quandoquidem
1127 2913 1191 2966 with
1212 2914 1267 2967 this
1287 2932 1333 2967 ex-

165 3009 167 3014 ·
225 2993 309 3060 given
329 2995 384 3059 πμ·
404 2990 511 3044 instead
531 2991 563 3044 of
579 3009 632 3044 non
651 2993 758 3058 habere,
806 2994 923 3062 ception‚
934 2993 969 3046 its
979 3011 1026 3046 use
1037 2992 1064 3044 in
1076 2992 1130 3046 this
1141 3011 1221 3046 sense
1232 2994 1255 3047 is
1269 3012 1333 3048 con-

168 3089 177 3092 ·
230 3070 346 3124 another
358 3071 423 3124 verb
437 3073 525 3124 would
540 3073 674 3141 naturally
687 3073 756 3124 have
806 3073 880 3126 fined
893 3074 992 3126 almost
1002 3073 1116 3142 entirely
1130 3081 1158 3126 to
1169 3082 1265 3144 poetry
1277 3075 1334 3127 and

231 3151 300 3205 been
313 3152 388 3217 used,
400 3151 422 3203 if
432 3151 499 3220 Livy
511 3153 566 3205 had
580 3162 628 3205 not
638 3151 757 3222 thought
806 3156 1026 3224 post-Augustan
1043 3170 1139 3222 prose3
1164 3153 1198 3207 cf.
1219 3171 1244 3224 9,
1263 3155 1287 3220 8,
1304 3169 1330 3219 4.

230 3240 259 3286 to
272 3232 335 3302 gain
355 3233 493 3300 emphasis
513 3233 549 3302 by
567 3233 699 3303 bringing
716 3242 757 3286 to·
806 3237 988 3287 —videatun
1012 3233 1054 3287 for
1070 3233 1117 3286 the
1136 3242 1214 3287 tense
1233 3252 1279 3288 see
1297 3252 1333 3288 on

229 3314 325 3382 gether
337 3313 384 3365 the
395 3313 521 3383 negative
531 3314 586 3366 and
599 3314 646 3366 the
659 3313 757 3365 affirm·
810 3328 831 3380 1,
845 3317 887 3382 28,
903 3331 912 3366 1
929 3321 1038 3378 vertam
1066 3315 1147 3377 Lane,
1164 3328 1239 3382 1752.

229 3393 300 3446 ative
316 3393 346 3447 of
362 3395 408 3446 the
424 3411 499 3447 same
517 3394 757 3447 verb-carueri-
853 3414 892 3447 11.
918 3399 951 3448 ut
968 3434 974 3447 .
994 3433 1000 3446 .
1019 3433 1024 3445 .
1041 3398 1182 3447 caveatur:
1199 3395 1262 3447 that
1274 3396 1334 3464 they

230 3490 304 3526 mus:
325 3474 458 3543 potential
472 3474 650 3544 subjunctive.
807 3476 836 3528 be
843 3477 985 3544 protected
986 3477 1069 3546 from
1084 3475 1129 3528 tlte
1140 3477 1289 3544 am'mosity
1297 3477 1333 3546 of

274 3573 297 3618 9.
323 3557 508 3620 inexpertam:
529 3555 597 3608 used
612 3554 756 3625 passively,
806 3556 851 3608 the
870 3557 1064 3626 Μία-τιὰ
1081 3557 1231 3621 supplicia:
1256 3557 1333 3609 there

230 3653 260 3688 as
272 3640 385 3704 experta
404 3635 433 3686 in
452 3651 476 3701 2,
490 3650 532 3704 29,
551 3651 661 3687 1.—11e
684 3675 690 3686 .
716 3676 722 3686 .
750 3676 755 3687 .
807 3653 922 3706 appears
936 3645 964 3690 to
979 3637 1058 3689 beno
1069 3637 1149 3689 other
1161 3636 1286 3704 example
1299 3636 1331 3690 of

230 3715 321 3768 ferant
333 3717 512 3768 desiderium:
532 3715 592 3768 still
604 3716 654 3768 less
665 3717 760 3768 would
808 3718 863 3771 this
876 3716 1063 3770 construction
1076 3715 1141 3768 with
1154 3717 1320 3786 adruesacio.

756 3840 810 3893 104
