2966 4294
608 351 610 354 Ι
631 266 726 332 soor<
750 283 828 332 xxn
1151 282 1279 347 [omns

175 467 235 528 spe
258 457 338 523 erat,
357 457 413 509 aut
435 447 664 510 deficientibus
687 446 805 512 animis
829 447 1067 512 hauriebantur
1090 448 1276 530 gurgitibus

174 561 231 614 aut
248 552 450 634 nequiquam
466 552 547 614 fessi
563 551 649 614 vada
665 561 752 615 retro
765 553 947 633 aegerrime
964 553 1161 634 repetebant
1176 563 1276 636 atque

173 654 218 717 ibi
241 656 282 717 ab
307 655 465 736 ingressis
485 676 606 738 aquam
631 656 775 718 hostium
799 656 965 738 equitibus
989 657 1112 738 passim
1136 659 1276 721 trucida-

173 759 303 822 bantur.
351 760 415 822 Sex
429 760 517 822 milia
530 761 634 823 ferme
648 761 745 842 primi
758 762 899 841 agminis
917 781 976 843 per
992 760 1149 824 adversos
1162 762 1275 826 hostes
1310 779 1325 828 8

173 864 346 944 eruptione
366 863 496 945 inpigre
516 865 615 940 lacta,
633 864 740 945 ignari
759 866 908 927 omnium
932 885 1017 946 quae
1040 875 1116 946 post
1140 886 1176 928 se
1200 888 1275 949 age-

173 976 286 1029 rentur
303 987 321 1029 e
338 969 423 1030 saltu
439 988 585 1043 evasere,
603 978 637 1030 et
655 988 730 1031 cum
752 969 786 1030 in
808 968 935 1031 tumulo
952 970 1095 1050 quodam
1113 972 1274 1034 constitis-

173 1080 256 1146 sent,
274 1072 451 1134 clamorem
478 1073 574 1134 modo
599 1093 637 1135 ac
661 1092 779 1134 sonum
802 1093 967 1136 armorum
988 1074 1170 1150 audientes,
1188 1097 1273 1158 quae

172 1176 306 1237 fortuna
323 1196 456 1257 pugnae
473 1187 561 1239 esset
580 1195 688 1259 neque
710 1179 794 1239 scire
815 1197 877 1240 nec
900 1178 1087 1258 perspicere
1105 1199 1184 1260 prae
1200 1180 1273 1243 cali-

171 1279 249 1360 gine
265 1289 428 1360 poterant.
478 1281 642 1343 Inclinata
654 1281 799 1362 denique
815 1301 850 1344 re
872 1301 947 1344 cum
964 1281 1187 1347 incalescente
1203 1286 1272 1348 sole
1307 1307 1323 1355 9

171 1383 319 1464 dispulsa
349 1384 471 1446 nebula
502 1384 687 1465 aperuisset
717 1385 814 1460 diem,
846 1395 915 1447 tum
948 1385 1072 1466 liquida
1102 1386 1166 1448 iam
1199 1387 1272 1452 luce

171 1497 300 1550 montes
318 1489 493 1569 campique
513 1487 659 1570 perditas
683 1509 735 1550 res
758 1499 961 1571 stratamque
980 1491 1156 1554 ostendere
1172 1493 1271 1554 foede

172 1592 357 1654 Romanam
382 1591 496 1654 aciem.
547 1592 673 1674 Itaque,
694 1613 736 1655 ne
752 1594 786 1655 in
806 1603 1003 1675 conspectos
1027 1595 1142 1675 procul
1165 1595 1271 1658 inmit-
1292 1624 1322 1658 10

169 1704 293 1759 teretur
309 1717 420 1777 eques,
439 1695 577 1759 sublatis
593 1697 712 1778 raptim
731 1697 834 1778 signis
851 1718 950 1779 quam
967 1698 1159 1761 citatissimo
1182 1711 1271 1780 pote-

170 1809 243 1862 rant
270 1802 403 1881 agmine
431 1821 504 1863 sese
531 1800 758 1882 abripuerunt.
818 1802 954 1864 Postero
982 1803 1044 1877 die,
1066 1823 1141 1864 cum
1169 1824 1270 1885 super
1291 1835 1316 1870 11

168 1914 278 1967 cetera
299 1914 446 1967 extrema
468 1906 575 1967 lames
599 1906 698 1967 etiam
722 1905 870 1980 instaret,
888 1906 987 1968 fidem
1011 1906 1111 1968 dante
1138 1909 1268 1969 Mahar-

167 2007 250 2084 bale,
276 2011 336 2090 qui
363 2029 438 2072 cum
469 2009 622 2072 omnibus
654 2010 862 2091 equestribus
894 2011 998 2091 copiis
1029 2019 1126 2073 nocte
1157 2031 1269 2074 conse-

166 2124 263 2175 cutus
301 2121 381 2187 erat,
421 2112 448 2175 si
487 2132 578 2175 arma
616 2113 839 2188 tradidissent,
879 2112 969 2175 abire
1011 2133 1087 2175 cum
1129 2115 1268 2195 singulis

166 2217 373 2279 vestimentis
411 2237 597 2297 passurum,
637 2236 710 2280 sese
751 2217 966 2292 dediderunt;
1013 2237 1098 2299 quae
1145 2218 1268 2280 Punica
1290 2246 1318 2281 12

166 2403 224 2456 also
241 2402 309 2472 Livy
322 2419 384 2455 uses
405 2402 451 2454 the
469 2401 515 2454 inf.
535 2400 640 2454 instead
659 2400 691 2454 of
742 2399 787 2452 the
801 2398 863 2453 bills
878 2400 933 2452 and
944 2400 991 2453 the
1001 2400 1071 2465 lake,
1081 2400 1167 2478 above
1178 2401 1266 2455 which

166 2483 213 2536 the
233 2500 307 2536 more
327 2500 455 2536 common
472 2489 503 2534 ut
516 2483 622 2548 elause3
644 2497 690 2552 ag.
741 2480 788 2533 the
811 2480 986 2550 light-armed
1008 2489 1101 2550 troops
1122 2481 1177 2534 had
1196 2482 1266 2536 been

166 2579 207 2630 21,
220 2578 263 2630 41,
276 2580 294 2633 9
306 2565 374 2616 dare
382 2567 483 2632 pactus
496 2569 542 2615 est.
740 2561 886 2614 stationed.

210 2660 232 2708 7.
258 2646 397 2696 inmensa:
426 2643 597 2713 impiissima
619 2642 691 2696 liter·
785 2659 807 2704 9.
834 2644 966 2694 inclinata
986 2681 991 2692 .
1012 2681 1017 2692 .
1038 2681 1043 2692 .
1063 2658 1106 2694 re:
1127 2642 1172 2694 tlte
1184 2643 1266 2696 battle

165 2724 228 2794 ally,
241 2725 393 2778 ttnlimited.
430 2725 491 2776 The
505 2724 565 2776 lake
578 2723 601 2776 is
614 2723 691 2793 eight
739 2722 847 2792 liaviirg
878 2724 940 2776 been
976 2724 1265 2788 decidii—dispulsa

165 2814 194 2859 to
209 2806 331 2860 fourteen
351 2805 429 2859 miles
443 2805 511 2858 wide
531 2805 586 2858 and
606 2804 690 2857 about
739 2806 852 2855 nebula:
873 2819 918 2856 see
934 2821 971 2856 on
984 2818 1026 2869 21,
1043 2819 1064 2869 1,
1079 2819 1092 2872 ς
1106 2805 1202 2856 Sicilia
1217 2843 1223 2855 .
1237 2843 1263 2856 ..

166 2886 249 2956 thirty
277 2887 354 2940 miles
385 2885 413 2938 in
444 2885 545 2940 circuit.
599 2885 689 2937 There
739 2887 864 2937 animae.

165 2983 218 3028 are,
237 2967 370 3031 however,
391 2975 444 3020 two
464 2966 568 3019 islands
590 2966 690 3034 onlya
786 2982 823 3016 ιο.
850 2966 878 3015 in
909 2968 1066 3029 conspectos
1079 2989 1103 3011 :
1116 2967 1146 3017 in
1177 2982 1213 3032 sc,
1239 2969 1267 3018 ri

165 3047 234 3100 little
253 3065 327 3102 more
346 3048 413 3100 than
435 3064 451 3099 a
472 3046 534 3099 mile
554 3045 623 3098 from
642 3046 689 3099 the
738 3047 873 3115 conspecti
882 3049 973 3098 essent
979 3062 988 3109 ,·
1007 3045 1040 3098 cf.
1054 3060 1095 3111 22,
1106 3048 1262 3114 3‚7quiet0.

164 3127 334 3181 battle-field.
348 3159 384 3166 —
399 3129 514 3179 animis:
567 3143 689 3195 coinage,
785 3143 822 3176 11.
848 3141 928 3191 super
952 3129 1055 3178 cetera:
1088 3143 1133 3178 see
1159 3143 1194 3178 on
1221 3141 1263 3190 21,

165 3217 212 3262 not
230 3209 342 3276 braoliz,¹
364 3209 411 3261 the
431 3207 515 3276 plural
540 3207 688 3260 of'am'ma
738 3205 780 3270 46,
798 3208 1043 3258 1.—1l1aharbale:
1065 3224 1117 3259 one
1138 3207 1169 3259 of
1187 3209 1262 3258 Han-

164 3289 187 3340 is
217 3289 376 3358 apparently
402 3297 449 3341 not
479 3287 547 3341 used
573 3287 601 3338 in
629 3287 688 3339 that
739 3286 835 3338 nibal’s
849 3296 921 3340 most
937 3286 1137 3356 distinguished
1148 3285 1263 3353 officers,

164 3386 253 3422 sense.
738 3366 897 3436 mentioned
923 3366 951 3418 in
977 3382 1018 3432 21,
1040 3382 1084 3436 45,
1106 3382 1120 3418 2
1144 3367 1199 3418 and
1221 3382 1262 3433 22,

208 3457 231 3501 8.
256 3452 339 3515 primi
346 3451 481 3515 agminis:
498 3449 577 3502 those
587 3447 689 3501 march·
737 3447 780 3512 46,
792 3461 815 3513 7.
825 3461 928 3498 -cum
941 3448 1058 3512 singulis
1071 3449 1260 3500 vestimentis:

164 3529 212 3600 ing
228 3533 256 3584 in
274 3532 354 3584 front.
363 3562 396 3570 —
405 3533 560 3596 agerentur:
580 3529 622 3582 for
641 3529 688 3582 the
737 3528 805 3580 with
815 3528 877 3596 only
886 3528 959 3580 their
967 3531 1066 3595 timi'cs,
1077 3545 1107 3580 as
1118 3529 1146 3580 in
1159 3547 1183 3597 9,
1194 3544 1218 3593 4,
1230 3545 1261 3595 3;

164 3612 232 3681 subj.
247 3629 292 3664 see
308 3629 345 3664 on
361 3627 384 3679 3,
401 3612 443 3678 36,
457 3612 620 3663 8.-—saltu:
641 3609 704 3662 the¹
738 3611 810 3677 App.
835 3611 935 3661 Hann.
967 3623 998 3660 10
1027 3625 1089 3661 uses
1119 3609 1164 3661 thc
1190 3609 1263 3661 word

165 3709 390 3761 narrowpassage
398 3709 434 3745 on
444 3692 489 3743 the
498 3699 556 3744 east
565 3690 688 3744 between
738 3689 863 3761 γυμνούς,

690 3810 745 3868 247
