2976 4302
223 309 305 359 ειιιι.
318 308 363 374 50]
558 307 770 357 snaucrrous
792 307 890 357 raon
914 306 997 357 [ΝΥ

224 475 450 556 docendoque,
469 483 592 556 quanto
608 473 680 536 visa
696 493 796 555 quam
814 473 927 536 audita
949 473 1139 555 indigniora
1158 474 1332 556 potuerint

224 578 336 654 videri,
354 579 451 641 simul
475 579 685 660 profligatam
706 579 772 639 iam
794 597 864 641 rem
884 578 1069 641 nuntiando
1093 579 1222 641 Romae
1244 598 1330 654 esse,

178 714 204 749 11
224 683 441 764 insecutique,
466 682 523 763 qui
546 682 698 764 Appium
726 701 830 763 prope
861 681 1099 763 interemptum
1129 683 1164 743 in
1194 683 1330 746 exilium

225 787 334 849 abisse
364 786 521 861 dicerent,
550 786 777 868 perpulerunt,
801 795 838 848 ut
869 785 911 847 ad
942 805 1035 848 arma
1065 786 1332 849 conclamaretur

179 924 208 960 12
225 891 452 972 vellerentque
469 890 564 970 signa
580 898 613 952 et
635 890 776 951 Romam
793 889 1091 970 proficiscerentur.
1139 889 1332 953 Decemviri

226 993 323 1057 simul
344 993 383 1056 iis
402 1013 488 1075 quae
508 991 668 1055 videbant
685 992 791 1074 iisque
810 1012 896 1075 quae
915 1002 990 1055 acta
1008 993 1136 1056 Romae
1155 993 1333 1056 audierant

226 1097 419 1179 perturbati,
445 1095 528 1158 alius
551 1095 584 1157 in
611 1096 710 1158 aliam
734 1105 863 1176 partem
888 1105 1071 1158 castrorum
1099 1096 1142 1158 ad
1163 1096 1332 1159 sedandos

226 1212 335 1265 motus
360 1200 557 1263 discurrunt.
606 1200 651 1262 Et
682 1199 800 1262 leniter
830 1199 1008 1280 agentibus
1037 1219 1236 1281 responsum
1262 1220 1331 1262 non

226 1305 374 1368 redditur
384 1326 391 1381 ;
409 1304 583 1386 imperium
600 1303 627 1367 si
644 1305 718 1385 quis
733 1302 907 1379 inhiberet,
925 1313 960 1367 et
975 1305 1062 1366 viros
1080 1313 1113 1366 et
1129 1314 1275 1366 armatos
1294 1324 1331 1366 se

180 1438 208 1488 13
227 1430 300 1472 esse
322 1409 551 1490 respondetur.
600 1408 691 1470 Eunt
714 1406 847 1488 agmine
867 1407 908 1470 ad
932 1407 1047 1470 urbem
1064 1418 1098 1471 et
1121 1407 1332 1470 Aventinum

228 1512 384 1588 insidunt,
408 1523 446 1575 ut
472 1513 612 1594 quisque
643 1521 840 1586 occurrerat,
874 1511 1005 1592 plebem
1037 1512 1079 1573 ad
1111 1510 1330 1593 repetendam

229 1617 414 1680 libertatem
431 1616 659 1697 creandosque
676 1615 826 1678 tribunos
851 1615 957 1695 plebis
976 1615 1203 1678 adhortantes
1250 1614 1332 1677 Alia

227 1741 290 1783 vox
306 1720 397 1782 nulla
413 1721 559 1782 violenta
575 1720 688 1782 audita
704 1728 762 1781 est.
812 1719 973 1783 Senatum
991 1719 1048 1800 Sp.
1068 1718 1201 1801 Oppius
1218 1717 1330 1782 habet.

181 1853 211 1902 14
230 1824 323 1886 Nihil
340 1824 449 1905 placet
465 1843 582 1904 aspere
598 1824 672 1904 agi:
690 1824 815 1904 quippe
831 1822 873 1884 ab
890 1822 971 1903 ipsis
988 1822 1102 1885 datum
1119 1823 1228 1885 locum
1246 1822 1333 1884 sedi-

181 1962 208 2015 15
228 1929 327 1991 tionis
343 1947 426 1991 esse.
467 1927 648 1990 Mittuntur
662 1936 731 1989 tres
748 1927 849 2008 legati
865 1927 1067 2001 consulares
1083 1926 1140 2007 Sp.
1158 1925 1332 2006 Tarpeius,

229 2032 265 2095 C.
286 2031 398 2106 Iulius,
413 2031 446 2093 P.
468 2030 644 2111 Sulpicius,
661 2029 719 2112 qui
734 2039 934 2112 quaererent
949 2039 1085 2092 senatus
1101 2029 1219 2104 verbis,
1237 2029 1333 2091 cuius

228 2138 319 2199 iussu
336 2144 445 2199 castra
465 2134 699 2209 deseruissent,
718 2143 776 2197 aut
799 2134 878 2215 quid
902 2133 964 2196 sibi
983 2133 1116 2208 vellent,
1134 2133 1191 2215 qui
1213 2133 1334 2197 armati

228 2239 435 2302 Aventinum
448 2238 658 2302 obsedissent
669 2237 823 2319 belloque
836 2257 953 2300 averso
965 2237 1007 2299 ab
1023 2237 1174 2300 hostibus
1191 2236 1333 2318 patriam

182 2354 212 2403 16
230 2363 324 2406 suam
347 2341 524 2424 cepissent.
574 2343 650 2404 Non
675 2341 783 2405 defuit
805 2341 895 2423 quod
917 2342 1194 2422 responderetur;
1219 2340 1334 2404 deerat

229 2446 287 2530 qui
302 2447 396 2510 daret
411 2466 619 2528 responsum,
633 2445 805 2524 nullodum
822 2455 912 2508 certo
929 2445 1022 2521 duce,
1037 2464 1098 2508 nec
1116 2445 1196 2507 satis
1212 2444 1335 2508 auden·

221 2655 273 2719 ¹for
287 2682 304 2718 a
319 2664 469 2718 somewhat
484 2663 609 2718 different
626 2661 757 2733 meaning
806 2663 975 2715 traduxerat
986 2662 1041 2714 and
1054 2679 1100 2716 see
1110 2679 1147 2715 on
1158 2677 1199 2728 27,
1211 2676 1252 2730 31,
1262 2676 1289 2726 4.
1299 2693 1335 2702 -

231 2764 277 2800 see
291 2761 332 2812 21,
345 2760 567 2812 4o,11.—rem:
588 2744 635 2798 the
648 2745 757 2798 decem·
807 2746 857 2808 sp.
872 2745 990 2808 Oppius:
1023 2743 1070 2796 the
1101 2743 1166 2812 only
1196 2741 1336 2796 decemvir

231 2828 325 2881 virate.
806 2824 869 2876 who
881 2822 936 2876 had
949 2822 1088 2877 remained
1101 2822 1130 2874 in
1143 2823 1190 2876 the
1202 2822 1257 2892 city
1267 2821 1334 2874 with

278 2927 318 2960 11.
344 2910 527 2973 vellerentque
565 2909 659 2972 signa:
709 2904 756 2958 the
807 2903 922 2973 Appius.

231 2989 308 3043 usual
332 2988 506 3059 preliminary
530 2997 558 3041 to
581 2988 628 3041 the
647 2985 755 3052 march3
854 3000 894 3047 15·
920 2987 949 3038 C.
968 2985 1072 3052 Julius:
1093 3000 1146 3037 one
1162 2982 1194 3037 of
1206 2982 1253 3036 the
1275 2981 1336 3036 first

233 3070 267 3124 cf.
283 3084 307 3138 ς,
321 3083 362 3137 37,
376 3085 409 3135 4;
429 3084 471 3135 22,
484 3085 508 3137 3,
525 3084 566 3120 11.
808 3063 975 3130 decemvirs3
995 3081 1042 3118 see
1054 3080 1079 3131 3,
1089 3079 1130 3132 33,
1142 3080 1167 3132 3.
1178 3066 1335 3116 -senatus

279 3168 317 3201 12.
343 3152 486 3215 imperium
521 3151 670 3200 inhiberet:
714 3163 758 3199 ex·
808 3147 915 3198 verbis:
934 3147 964 3198 in
976 3145 1021 3197 the
1031 3145 1156 3214 nanreos
1167 3144 1213 3196 tlte
1224 3149 1335 3208 senatu

233 3233 311 3284 erted
327 3231 468 3299 authority
474 3248 483 3295 ,·
514 3227 671 3283 contrasted
692 3227 757 3280 with
809 3226 843 3280 cf.
863 3240 888 3293 7,
901 3241 943 3294 31,
962 3241 1002 3277 10.
1013 3226 1123 3290 —quid
1141 3225 1195 3276 sibi
1213 3225 1334 3276 vellent:

233 3311 330 3366 Ient'ter
352 3312 509 3381 agentibus,
541 3309 582 3363 for
602 3309 650 3362 the
675 3308 758 3361 mood
809 3306 844 3360 cf.
864 3322 888 3374 3,
906 3321 948 3375 35,
968 3307 1133 3374 5.-bello.
1149 3343 1155 3356 .
1171 3344 1177 3356 .
1192 3306 1335 3357 hostibus:

233 3409 279 3445 see
292 3409 329 3446 on
343 3407 367 3459 3,
381 3391 422 3459 36,
436 3392 460 3443 8.
808 3387 987 3456 abandom‘ng
1006 3385 1051 3438 the
1073 3402 1137 3438 war
1157 3387 1268 3454 agrarias!
1292 3385 1338 3438 the

280 3491 319 3535 13·
346 3473 470 3537 agmine:
494 3470 548 3523 abl.
575 3468 605 3522 of
627 3484 756 3534 manner3
809 3468 1096 3536 enemy—patriam:
1119 3482 1166 3519 see
1181 3482 1218 3519 on
1234 3480 1255 3532 1,
1272 3480 1293 3531 1,
1308 3466 1335 3518 8.

234 3569 280 3606 see
293 3550 495 3618 0n1,6,2and
507 3550 756 3618 εἰη-υἱ...
856 3554 896 3598 16.
923 3545 1339 3612 nullodum=nondumulh,a

234 3637 396 3685 occurrerat:
428 3639 545 3685 connect
569 3630 633 3683 with
658 3629 760 3682 adhor—
810 3627 997 3682 combination
1012 3625 1132 3696 peculiar
1147 3634 1177 3680 to
1195 3625 1278 3696 Livy,
1300 3625 1336 3680 cf.

233 3720 342 3778 lantes,·
370 3712 402 3767 cf.
425 3727 467 3780 22,
488 3712 531 3780 46,
554 3726 563 3763 1
589 3717 621 3766 ut
642 3727 760 3780 quosque
810 3725 835 3778 3,
848 3709 890 3775 60,
907 3724 937 3761 10
950 3725 996 3762 nec
1008 3725 1098 3762 onrncs
1110 3708 1188 3760 dum.

760 3832 816 3874 100
