2918 4296
210 274 293 324 CHAP.
306 273 352 340 32]
542 275 752 326 SELECllONS
776 276 873 325 FROM
897 276 979 324 LIVY

105 519 108 524 .
176 455 190 510 5
211 439 316 502 Pavor
332 441 451 520 ingens
464 441 496 502 in
510 440 590 504 urbe
607 452 764 524 metuque
778 451 892 504 mutuo
905 461 1068 523 suspensa
1081 450 1177 503 erant
1189 442 1312 505 omnia.

209 543 341 606 Timere
363 543 478 606 relicta
502 543 543 606 ab
567 546 635 607 suis
659 545 774 626 plebes
796 545 987 608 violentiam
1012 554 1162 625 patrum;
1194 544 1314 608 timere

209 657 319 728 patres
342 648 483 710 residem
512 648 544 708 in
572 647 654 712 urbe
681 648 824 730 plebem,
848 649 974 722 incerti,
1004 668 1138 711 manere
1165 668 1241 711 eam
1271 669 1313 710 an

175 766 192 816 6
209 751 298 813 abire
315 751 459 814 mallent.
501 752 669 833 Quamdiu
686 761 797 814 autern
813 753 1023 834 tranquillam
1038 773 1124 834 quae
1137 753 1314 816 secesserit

209 855 453 917 multitudinem
469 855 567 918 fore?
613 857 703 938 Quid
726 857 877 918 futurum
901 856 1031 931 deinde,
1049 857 1076 918 si
1100 857 1188 938 quod
1210 867 1314 920 exter·

176 975 191 1027 7
210 979 287 1020 num
308 958 439 1020 interim
456 958 580 1021 bellurn
597 960 739 1022 existat?
787 961 922 1022 Nullam
939 961 1091 1041 profecto
1107 961 1171 1022 nisi
1186 961 1221 1021 in
1237 980 1314 1023 con-

209 1061 319 1124 cordia
340 1062 459 1124 civium
483 1083 577 1144 spem
594 1064 754 1146 reliquam
776 1063 915 1127 ducere:
943 1083 1017 1126 eam
1038 1083 1097 1145 per
1118 1084 1234 1145 aequa,
1253 1084 1314 1145 per

175 1181 191 1231 8
209 1164 321 1247 iniqua
336 1165 614 1229 reconciliandam
627 1168 751 1230 civitati
765 1187 847 1231 esse.
896 1168 1023 1230 Placuit
1035 1167 1135 1248 igitur
1147 1177 1314 1230 oratorem

209 1269 251 1332 ad
268 1269 399 1349 plebem
417 1271 510 1343 mitti,
527 1270 719 1333 Menenium
736 1270 1133 1352 Agrippam‚.facundum
1144 1272 1252 1332 virum
1269 1282 1313 1346 et,

210 1373 297 1455 quod
314 1373 390 1436 inde
407 1373 566 1437 oriundus
581 1384 661 1450 erat,
680 1375 770 1457 plebi
785 1395 907 1439 carum.

256 1476 289 1538 Is
313 1477 522 1540 intromissus
549 1479 583 1539 in
611 1488 721 1541 castra
748 1481 857 1560 prisco
884 1479 940 1542 illo
967 1478 1099 1542 dicendi
1122 1488 1156 1542 et
1179 1478 1315 1542 horrido

176 1604 192 1653 9
210 1579 308 1642 modo
331 1581 414 1642 nihil
435 1581 524 1644 aliud
545 1602 645 1665 quam
666 1583 729 1645 hoc
750 1603 902 1645 narrasse
927 1583 1052 1646 fertur:
1075 1592 1226 1663 ternpore
1246 1603 1314 1664 quo

209 1685 244 1744 in
261 1684 395 1747 homine
412 1706 488 1760 non,
505 1696 542 1748 ut
558 1706 656 1760 nunc,
675 1686 785 1749 omnia
805 1689 961 1770 inunum
984 1686 1235 1759 consentientia,
1254 1686 1314 1748 sed

211 1786 349 1867 singulis
366 1789 522 1851 membris
540 1811 635 1852 suum
649 1790 768 1872 cuique
781 1790 963 1865 consilium,
979 1811 1059 1852 suus
1076 1809 1183 1852 sermo
1200 1789 1312 1865 fuerit,

210 1891 400 1972 indignatas
417 1894 560 1974 reliquas
577 1905 690 1976 partes
703 1916 762 1957 sua
775 1915 862 1969 cura,
876 1915 936 1957 suo
953 1893 1065 1956 labore
1078 1913 1116 1955 ac
1129 1894 1315 1956 ministerio

210 1996 318 2058 ventri
334 1997 445 2059 omnia
462 1999 584 2079 quaeri,
603 2008 752 2061 ventrem
774 1999 807 2060 in
831 1998 940 2060 medio
959 1999 1108 2079 quietum
1124 1997 1208 2058 nihil
1222 1998 1313 2059 aliud

163 2127 194 2163 ιο
210 2120 310 2183 quarn
333 2101 418 2164 datis
440 2102 666 2182 voluptatibus
687 2103 772 2178 frui;
796 2103 1005 2182 conspirasse
1026 2101 1112 2176 inde,
1129 2121 1172 2163 ne
1194 2121 1314 2163 manus

211 2204 253 2266 ad
277 2226 313 2267 os
337 2204 446 2268 cibum
470 2206 605 2280 ferrent,
629 2225 690 2268 nec
714 2226 752 2267 os
775 2207 941 2287 acciperet
963 2205 1088 2280 datum,
1108 2223 1170 2266 nec
1194 2204 1315 2267 dentes

210 2310 421 2373 conficerent.
470 2310 545 2372 Hac
569 2311 618 2371 ira
640 2309 719 2371 dum
740 2317 889 2371 ventrem
915 2309 1005 2370 farne
1025 2309 1161 2372 domare
1179 2308 1314 2384 vellent,

211 2466 234 2520 is
253 2468 324 2522 clear
342 2468 411 2522 from
431 2469 477 2521 the
497 2467 636 2538 following
655 2467 738 2534 chap-
787 2482 842 2519 was
867 2465 923 2519 still
945 2466 1069 2532 dictator,
1088 2465 1143 2520 and
1163 2465 1184 2518 it
1203 2481 1258 2518 was
1279 2466 1316 2520 he

212 2555 282 2612 ters3
310 2549 338 2600 in
357 2562 381 2614 7,
401 2565 425 2614 2,
446 2550 462 2601 8
482 2550 587 2618 aliquot
604 2565 693 2601 annos
714 2547 737 2600 is
786 2546 849 2599 who
862 2547 941 2601 acted
955 2564 984 2599 as
998 2564 1101 2616 envoy,
1121 2547 1189 2615 Livy
1201 2545 1317 2599 himself

210 2629 278 2680 used
292 2628 323 2682 of
331 2645 347 2681 a
360 2637 479 2699 century.
786 2626 815 2678 in
828 2627 852 2692 8,
869 2628 908 2693 18,
925 2641 955 2678 12
969 2627 1067 2695 speaks
1081 2643 1111 2679 as
1124 2625 1147 2678 if
1161 2625 1239 2678 there
1259 2627 1316 2680 had

255 2715 280 2760 6.
307 2711 371 2773 quid
393 2749 398 2760 .
422 2748 428 2761 .
449 2748 455 2761 .
474 2712 592 2762 existat:
607 2710 737 2763 thesame
787 2705 858 2760 been
883 2725 899 2759 a
923 2707 1041 2760 dictator
1064 2716 1092 2760 at
1117 2707 1172 2759 this
1194 2705 1316 2758 time.-

210 2788 267 2842 fear·
279 2788 302 2841 is
313 2791 458 2857 expressed
472 2791 499 2842 in
513 2806 537 2858 3,
552 2806 592 2859 52,
606 2804 631 2855 7.
786 2789 864 2840 inde:
879 2787 949 2840 from
958 2787 1169 2856 theplebeians3
1183 2788 1315 2842 abranch

255 2886 278 2932 7.
298 2872 406 2922 ducere:
422 2870 542 2923 histinf.
552 2869 662 2940 parallel
673 2869 735 2922 with
786 2868 818 2922 of
833 2868 888 2921 this
907 2868 998 2937 family
1017 2868 1072 2920 had
1091 2869 1224 2939 probably
1242 2868 1316 2922 been

210 2951 414 3016 limera—per
437 2967 531 3017 aequa,
553 2967 600 3016 per
624 2951 734 3015 iniqua:
786 2949 868 3002 taken
898 2949 957 3002 into
991 2949 1038 3001 the
1072 2949 1204 3016 patrician
1233 2950 1317 3003 order

211 3033 255 3083 ie.
281 3031 402 3084 whether
424 3032 470 3085 the
494 3032 612 3085 demand
636 3029 668 3084 of
689 3030 736 3083 the
786 3030 813 3081 in
840 3044 906 3098 5093
932 3046 979 3082 see
1004 3043 1028 3092 2,
1051 3043 1072 3093 1,
1098 3032 1313 3082 10.—110rri‹lo:

210 3111 307 3180 people
320 3129 389 3164 were
400 3112 456 3181 just
468 3129 500 3166 or
512 3112 612 3181 unjust.
785 3110 879 3179 rouglz,
912 3110 1115 3162 untrained-
1133 3112 1203 3161 nihil
1238 3113 1316 3164 aliud
1397 3123 1399 3126 ·

255 3198 280 3242 8.
308 3197 455 3245 oratorem:
493 3209 585 3261 envoy.
598 3223 632 3232 -
645 3195 738 3252 Mene,
786 3205 881 3255 quam:
903 3189 1030 3258 elliptical
1043 3189 1153 3255 asina,
1167 3205 1255 3261 29,4;
1275 3208 1315 3246 sc.

211 3273 287 3323 nium
298 3275 463 3339 Agrippam:
485 3273 531 3326 the
548 3290 627 3326 name
646 3273 736 3326 would
783 3272 890 3342 sectare.

210 3351 245 3406 be
259 3355 390 3424 naturally
403 3354 431 3406 in
451 3354 497 3405 the
513 3353 591 3406 other
604 3354 692 3418 order,
705 3370 735 3405 as
829 3369 853 3414 9.
880 3351 1092 3405 consentientia:
1131 3368 1169 3404 sc.
1197 3352 1317 3421 suert'rtt

211 3433 335 3503 Agrippa
353 3434 375 3487 is
388 3453 403 3487 a
418 3438 605 3502 praenotarem
625 3434 678 3487 this
695 3434 736 3485 in·
784 3430 854 3484 from
868 3432 915 3485 the
925 3431 1064 3500 following
1068 3432 1172 3502 fuerit.
1182 3463 1211 3471 —
1225 3434 1316 3498 indig-

212 3514 397 3583 terchangeof
396 3518 566 3582 praenomen
575 3514 630 3566 and
639 3531 735 3566 rtonren
784 3515 880 3564 natas:
903 3529 941 3566 sc.
960 3513 1177 3564 essa-ventri:
1202 3513 1258 3566 dat.
1280 3514 1313 3567 of
1323 3565 1326 3574 ,

211 3610 305 3647 occurs
330 3594 475 3647 elsewhere
507 3594 535 3645 in
567 3596 643 3664 Livy.
682 3597 737 3647 Ac·
785 3593 908 3645 interest.
1168 3598 1183 3611 ⁸

211 3674 325 3744 cording
342 3680 370 3726 to
387 3675 445 3727 Cic.
459 3675 542 3726 Brut.
557 3687 598 3742 54,
612 3673 736 3727 Valerius
832 3689 871 3724 10.
898 3687 961 3725 nec:
981 3678 1008 3725 et
1026 3689 1074 3739 ne3
1095 3690 1141 3726 see
1158 3690 1195 3726 on
1212 3687 1233 3740 1,
1247 3687 1272 3741 2,
1285 3689 1314 3740 4.

746 3780 780 3851 76
