2914 4290
579 287 675 339 BOOK
698 288 801 337 XXVII
997 313 999 318 .
1101 285 1197 352 [enan.
1210 301 1242 354 50

138 466 259 540 potest,
279 477 340 520 nec
359 476 425 538 quo
441 457 568 519 incerta
586 455 815 536 expectatione
832 464 972 517 eventus
989 453 1104 516 civitas
1121 455 1239 530 tuerat,

138 563 291 643 hecquo
314 561 470 624 victoriae
494 560 618 621 famam
643 560 780 640 accepit.
830 560 1020 640 Numquam
1047 578 1106 639 per
1133 559 1241 621 omnis
1274 587 1291 634 4

138 665 219 740 dies,
233 685 273 728 ex
289 685 355 747 quo
372 664 548 728 Claudium
565 664 736 726 consulem
753 664 940 744 profectum
959 663 1051 724 tama
1066 663 1184 738 attulit,
1198 663 1240 725 ab

137 779 211 833 orto
228 770 297 832 sole
313 769 353 831 ad
372 768 577 832 occidentem
591 777 648 831 aut
664 776 798 831 senator
814 769 989 849 quisquam
1003 787 1022 828 a
1034 767 1124 829 curia
1141 777 1240 848 atque

138 873 181 935 ab
206 871 453 962 magistratibus
473 871 634 935 abscessit
655 881 712 934 aut
728 872 872 953 populus
888 892 906 933 e
922 871 1005 933 foro.
1055 873 1239 946 Matronae,
1276 894 1289 948 5

138 976 215 1058 quia
242 976 324 1038 nihil
351 975 385 1037 in
412 976 492 1058 ipsis
521 977 593 1056 opis
621 984 701 1050 erat,
727 977 760 1036 in
788 995 904 1056 preces
935 975 1240 1056 obtestationesque

137 1100 263 1156 versae,
278 1100 337 1160 per
352 1081 464 1143 omnia
477 1078 614 1142 delubra
626 1099 732 1160 vagae
748 1078 920 1160 suppliciis
932 1078 1085 1159 votisque
1098 1078 1241 1160 fatigare

137 1186 229 1247 deos,
276 1185 360 1246 Tam
385 1184 545 1247 sollicitae
568 1204 607 1247 ac
635 1203 818 1265 suspensae
846 1182 970 1246 civitati
997 1184 1088 1245 fama
1114 1184 1240 1246 incerta
1275 1200 1291 1249 6

137 1290 245 1371 primo
273 1289 393 1352 accidit
419 1289 502 1351 duos
528 1288 733 1352 Narnienses
756 1287 884 1370 equites
907 1289 941 1348 in
965 1297 1082 1363 castra,
1100 1307 1185 1369 quae
1206 1289 1240 1350 in

136 1394 292 1456 faucibus
315 1395 473 1457 Vmbriae
497 1394 652 1476 opposita
675 1404 780 1469 erant,
796 1393 929 1456 venisse
949 1413 989 1456 ex
1008 1393 1142 1474 proelio,
1160 1414 1241 1455 nun-

137 1499 259 1562 tiantes
275 1519 389 1562 caesos
406 1499 550 1590 hostes·
570 1499 614 1562 Et
631 1500 737 1581 primo
750 1497 856 1578 magis
868 1497 1001 1560 auribus
1011 1518 1109 1580 quam
1121 1499 1240 1560 animis
1277 1519 1290 1573 7

137 1605 172 1668 id
199 1617 374 1687 acceptum
402 1615 473 1668 erat
497 1614 533 1668 ut
556 1605 661 1668 maius
686 1605 869 1687 laetiusque
894 1624 993 1686 quam
1018 1604 1106 1686 quod
1130 1613 1240 1667 mente

137 1729 258 1791 capere
275 1719 331 1772 aut
348 1709 427 1773 satis
443 1702 578 1773 credere
595 1719 742 1791 possent,
760 1718 793 1771 et
814 1709 887 1790 ipsa
906 1708 1057 1771 celeritas
1078 1709 1176 1770 fidem
1196 1709 1241 1770 in-

138 1813 302 1896 pediebat,
320 1815 408 1896 quod
433 1814 533 1877 biduo
557 1824 633 1877 ante
658 1824 843 1895 pugnatum
863 1812 1044 1876 dicebatur.
1094 1813 1240 1876 Litterae
1275 1821 1291 1870 8

136 1919 258 1983 deinde
275 1920 317 1982 ab
336 1921 373 1982 L.
393 1919 520 1983 Manlio
536 1919 681 1983 Acidino
698 1920 818 1981 missae
842 1939 882 1980 ex
905 1917 1020 1980 castris
1044 1917 1241 1980 adferuntur

136 2022 180 2086 de
198 2024 435 2087 Narniensium
451 2023 600 2105 equitum
617 2023 772 2085 adventu.
822 2023 898 2084 Hae
915 2021 1044 2084 litterae
1055 2042 1114 2102 per
1130 2022 1238 2083 iorum
1276 2046 1291 2092 9

137 2128 180 2189 ad
196 2127 341 2190 tribunal
356 2127 519 2209 praetoris
536 2129 623 2190 latae
639 2136 791 2190 senatum
810 2127 900 2188 curia
913 2124 1119 2201 exciverunt;
1137 2134 1242 2188 tanto-

137 2344 249 2399 relative
262 2344 367 2398 clauses
385 2342 663 2414 qualifyinglzabz'tras,
713 2356 738 2409 9,
763 2353 788 2406 7.
803 2371 837 2378 -
851 2341 1009 2405 suppliciis:
1036 2344 1175 2408 prayer53
1206 2355 1241 2390 an

136 2426 227 2480 where
257 2425 372 2479 indirect
408 2424 550 2494 questions
581 2425 665 2477 intro·
715 2421 788 2490 early
808 2439 856 2474 use
876 2419 907 2473 of
925 2421 972 2473 the
992 2420 1076 2473 word.
1121 2421 1175 2472 For
1195 2420 1241 2472 the

137 2507 228 2560 duced
247 2506 282 2575 by
301 2508 357 2559 dici
372 2507 558 2574 enarrarique
577 2505 665 2575 might
714 2509 792 2555 exact
811 2501 940 2570 meaning
956 2499 988 2554 of
999 2502 1070 2553 vatis
1085 2517 1131 2553 see
1147 2517 1183 2552 on
1198 2515 1241 2566 27,

137 2587 208 2640 have
233 2587 304 2640 been
329 2586 470 2655 expected.
519 2586 582 2639 The
606 2585 665 2638 first
714 2583 795 2650 45,8.

137 2685 192 2738 qua
201 2667 422 2736 isadescriptive
432 2666 494 2733 abl,
505 2666 552 2720 the
562 2666 666 2720 second
758 2668 781 2714 6.
808 2678 876 2728 quse
896 2701 901 2713 .
924 2699 930 2711 .
950 2700 956 2712 .
977 2663 1068 2713 erant:
1089 2680 1135 2715 see
1149 2679 1186 2716 on
1199 2675 1240 2728 27,

137 2765 174 2802 an
187 2748 242 2802 abl.
256 2747 287 2803 of
297 2764 418 2801 manner.
714 2759 757 2813 43,
770 2761 794 2814 9.

181 2847 205 2891 4,
228 2831 337 2881 senator
360 2867 365 2880 .
390 2867 396 2880 .
422 2867 428 2880 .
452 2829 599 2881 abscessit:
631 2827 664 2882 cf.
759 2841 781 2888 7.
808 2839 889 2890 quam
908 2827 997 2890 quod.
1016 2862 1022 2874 .
1039 2862 1044 2872 .
1062 2826 1192 2889 possent:
1208 2822 1241 2878 cf.

138 2910 182 2976 26,
191 2927 216 2979 9,
226 2911 462 2979 9.—-quisquam:
487 2909 529 2964 for
541 2910 595 2964 this
608 2909 663 2979 adj.
715 2923 740 2976 9,
753 2924 778 2977 9,
799 2921 845 2973 143
866 2922 908 2975 33,
926 2921 967 2974 32,
986 2906 1144 2958 6.-biduo
1162 2906 1239 2956 ante:

137 2991 663 3060 usecf.9,18‚13.—magistratibus:
715 2988 762 3041 the
787 2987 909 3041 distance
937 2985 1005 3040 from
1030 2986 1076 3038 the
1102 2987 1242 3038 Metaurus

137 3071 167 3124 in
183 3072 230 3124 the
248 3072 367 3126 absence
384 3072 417 3128 os
431 3072 478 3126 the
492 3072 603 3126 consuls
619 3070 666 3124 the
716 3077 745 3121 to
767 3070 856 3121 Rome
878 3085 932 3120 was
955 3065 1169 3135 approximately
1194 3079 1240 3134 ¹75

140 3155 259 3221 praetor
282 3153 406 3206 urbanas
432 3153 595 3206 summoned
619 3151 666 3205 the
717 3149 801 3202 miles.

137 3239 233 3286 senate
254 3233 309 3286 and
331 3233 474 3302 presided;
502 3233 530 3284 in
554 3232 597 3286 his
619 3233 666 3286 ab·
760 3236 782 3280 8.
803 3232 832 3280 L.
847 3229 951 3280 Manlio
963 3228 1091 3279 Acidino:
1108 3226 1243 3296 probably

137 3328 221 3367 sence
244 3314 304 3384 (see
325 3331 362 3367 on
385 3312 443 3380 §8)
467 3313 600 3383 probably
619 3313 666 3366 the
716 3311 763 3364 the
771 3315 891 3380 praetor
903 3308 1035 3373 urbanas,
1048 3307 1243 3376 commanding

141 3397 261 3462 praetor
301 3396 480 3464 peragrabas.
494 3409 555 3446 -e
591 3393 664 3447 foro:
716 3392 764 3445 the
789 3393 921 3444 exarcatus
957 3389 1099 3452 urbanum
1127 3405 1173 3441 see
1201 3401 1242 3454 27,

46 3538 51 3546 Ι
138 3473 278 3527 instances
309 3474 341 3527 of
360 3475 471 3528 abscedo
495 3474 559 3526 with
584 3491 598 3526 e
620 3491 666 3527 are
716 3487 758 3540 43,
778 3489 803 3542 9.

138 3571 203 3623 very
220 3570 294 3621 rare3
315 3553 371 3607 this
388 3554 411 3607 is
427 3554 475 3608 the
489 3554 554 3624 only
567 3571 621 3608 one
638 3553 667 3607 in
760 3569 782 3616 9.
814 3553 849 3604 ad
875 3552 996 3603 tribunal
1022 3549 1169 3615 praetoris:
1197 3548 1243 3600 the

138 3634 215 3704 Livy.
716 3633 836 3688 tribunal
863 3649 918 3685 was
946 3639 974 3684 at
1002 3631 1056 3684 this
1087 3630 1152 3682 time
1179 3645 1244 3681 near

182 3733 205 3783 s.
232 3721 398 3772 matronas.
420 3756 425 3768 .
448 3758 453 3768 .
474 3721 551 3772 deos:
577 3715 610 3769 cf.
625 3713 667 3781 26,
717 3714 764 3768 the
784 3712 986 3767 senate-house.
1025 3709 1197 3775 Sometimes,
1218 3706 1241 3759 if

663 3839 720 3896 309
