2914 4290
229 271 423 337 totamm]
560 271 773 320 sececrroxs
798 271 895 320 rnou
920 271 1004 320 int·

183 465 213 514 ¹⁴
230 458 366 518 segnem
391 458 490 520 quam
516 459 663 519 pugnam
688 439 835 499 futuram
859 437 1028 514 cernebat,
1050 449 1127 520 post
1149 439 1258 502 aciem
1283 440 1343 503 cir·

229 542 398 604 cumducit
413 553 447 604 et
460 563 525 604 non
540 541 692 604 hostibus
705 542 805 604 modo
816 542 876 604 sed
888 542 990 604 etiam
1004 544 1073 604 suis
1085 543 1346 625 inopinantibus

229 646 264 706 in
280 645 430 708 dextrum
449 646 592 708 hostium
613 646 700 708 latus
723 646 877 720 incurrit;
900 656 1062 729 tantaque
1085 647 1240 710 celeritas
1265 648 1343 724 tuit,

231 760 276 823 ut,
293 769 368 811 cum
385 750 609 812 ostendissent
626 769 663 812 se
678 748 721 810 ab
738 751 851 824 latere,
869 771 945 812 mox
960 750 994 812 in
1010 761 1108 832 terga
1124 752 1190 812 iarn
1212 771 1345 833 pugna-

184 864 314 927 15rent
362 853 414 916 lta
438 873 479 915 ex
503 853 659 916 omnibus
686 854 847 935 partibus,
871 854 915 916 ab
937 854 1061 928 fronte,
1084 855 1127 917 ab
1157 855 1271 930 latere,
1298 856 1344 918 ab

231 967 335 1038 tergo,
359 957 568 1020 trucidantur
592 957 738 1039 Hispani
763 957 984 1041 Liguresque,
1006 969 1042 1021 et
1064 959 1108 1020 ad
1133 958 1250 1022 Gallos
1274 960 1342 1022 iam

184 1076 214 1124 ιο
230 1062 352 1124 caedes
367 1073 573 1142 pervenerat
621 1060 673 1124 lbi
689 1062 862 1124 minimum
882 1064 1075 1125 certaminis
1098 1062 1180 1138 tuit;
1204 1084 1283 1125 nam
1307 1075 1344 1127 et

231 1185 309 1248 pars
322 1185 444 1245 magna
456 1165 499 1226 ab
511 1167 615 1246 signis
627 1165 776 1240 aberant,
790 1177 889 1229 nocte
905 1166 1027 1248 dilapsi
1041 1168 1204 1248 stratique
1221 1188 1344 1232 somno

231 1272 356 1352 passim
380 1290 441 1351 per
462 1291 572 1350 agros,
595 1281 630 1332 et
652 1270 709 1351 qui
732 1271 883 1344 aderant,
902 1271 1021 1334 itinere
1044 1291 1085 1334 ac
1100 1272 1223 1352 vigiliis
1245 1273 1343 1348 fessi,

230 1374 523 1437 intolerantissima
554 1373 676 1436 laboris
702 1394 851 1456 corpora,
879 1375 933 1436 vix
959 1396 1054 1437 arma
1080 1377 1204 1438 umeris
1231 1386 1345 1458 gesta-

184 1505 214 1556 17
231 1479 330 1555 bant;
355 1489 388 1541 et
412 1478 476 1540 iarn
502 1478 568 1540 diei
592 1479 738 1540 medium
765 1489 847 1554 etat,
874 1480 1013 1562 sitisque
1035 1491 1069 1543 et
1096 1480 1188 1543 calor
1214 1480 1343 1544 hiantis

232 1583 420 1646 caedendos
434 1583 681 1664 capiendosque
697 1583 837 1644 adfatim
854 1585 1046 1665 praebebat

202 1715 212 1750 1
274 1707 326 1767 49.
360 1686 541 1768 Elephanti
566 1686 678 1768 plures
701 1687 743 1749 ab
767 1687 848 1767 ipsis
865 1689 1048 1753 rectoribus
1064 1711 1165 1772 quam
1182 1690 1226 1754 ab
1242 1691 1343 1755 hoste

232 1793 408 1856 interfecti.
457 1791 589 1854 Fabrile
605 1793 773 1874 scalprum
789 1813 865 1854 cum
882 1793 1003 1856 malleo
1019 1793 1206 1872 babebant;
1224 1794 1268 1870 id,
1283 1796 1343 1858 ubi

233 1898 360 1960 saevire
383 1895 501 1958 beluae
523 1915 563 1957 ac
586 1915 683 1959 ruere
705 1897 741 1956 in
764 1915 843 1959 suos
858 1908 1049 1978 coeperant,
1067 1898 1229 1978 magister
1251 1898 1343 1962 inter
1442 1903 1443 1906 ’

233 2022 329 2064 aures
345 2001 499 2082 positum,
515 2002 590 2082 ipso
609 2002 643 2063 in
663 2001 810 2076 articulo,
827 2022 895 2082 quo
918 2002 1068 2083 iungitur
1090 2003 1193 2084 capiti
1216 2005 1340 2080 cervix,

201 2114 358 2187 aquanto
383 2107 525 2168 maximo
552 2114 683 2187 poterat
706 2105 774 2166 ictu
799 2103 965 2186 adigebat.
1013 2107 1064 2168 Ea
1087 2107 1263 2170 celerrima
1286 2110 1342 2170 via

233 2211 348 2273 mortis
373 2211 406 2271 in
434 2220 547 2272 tantae
576 2208 670 2272 molis
696 2209 795 2271 belua
826 2209 962 2272 inventa
991 2221 1072 2284 erat,
1102 2210 1158 2272 ubi
1189 2212 1341 2292 regentis

234 2314 445 2395 sprevissent,
464 2313 656 2394 primusque
678 2313 712 2374 id
737 2313 932 2375 Hasdrubal
955 2315 1153 2390 instituerat,
1170 2315 1239 2376 dux
1262 2335 1341 2378 cum

200 2438 334 2499 ssaepe
357 2417 439 2480 alias
462 2416 693 2492 memorabilis,
710 2427 781 2478 tum
805 2416 862 2479 illa
885 2417 1065 2499 praecipue
1089 2439 1216 2500 pugna.
1277 2420 1342 2482 Ille

233 2628 353 2700 brought
377 2627 445 2682 from
471 2627 585 2696 Apulia;
612 2627 659 2681 the
683 2644 759 2680 same
808 2629 1054 2682 intolerantissima
1080 2632 1197 2684 laboris:
1229 2649 1277 2687 see
1302 2651 1341 2686 on

234 2710 315 2780 thing
328 2709 350 2762 is
363 2708 501 2762 indioeted
517 2708 545 2760 in
560 2708 606 2761 the
619 2707 708 2762 words
723 2706 755 2761 ol
809 2722 833 2776 5,
851 2709 895 2772 48,
914 2725 940 2776 3.
950 2723 1118 2776 -oorpow
1138 2711 1168 2764 in
1186 2729 1251 2782 app.
1272 2714 1340 2767 with

234 2790 363 2846 Claudius
376 2790 404 2842 in
418 2788 433 2852 ξ
447 2804 486 2841 12.
808 2788 855 2841 the
868 2789 974 2858 subject
986 2789 1175 2859 otgestabaut.

280 2889 320 2933 14.
346 2875 409 2936 post
441 2872 543 2922 aciem:
575 2867 679 2922 behind
712 2868 760 2921 the
854 2884 892 2932 17.
917 2870 1036 2921 hiantia:
1085 2875 1217 2942 pointing.
1231 2888 1338 2926 -cae-

236 2957 345 3008 Roman
366 2961 461 3007 center
481 2951 536 3004 and
560 2949 607 3003 left
632 2949 760 3020 wing.—
808 2950 910 3002 dendos
926 2951 1142 3017 capiendosque:
1160 2955 1205 3005 tle.
1218 2954 1247 3006 in
1259 2973 1339 3011 some

235 3052 295 3090 cum
318 3075 324 3087 .
350 3074 356 3087 .
382 3073 388 3086 .
412 3047 474 3085 mox
497 3071 503 3083 .
529 3072 535 3083 .
562 3035 756 3097 .pugnsrent:
809 3048 886 3085 ossea
902 3041 931 3086 to
946 3032 981 3086 be
996 3032 1089 3098 killed,
1103 3033 1130 3085 in
1148 3035 1241 3088 others
1257 3045 1287 3090 to
1303 3037 1340 3092 be

233 3121 279 3171 tle.
297 3133 360 3169 soon
379 3115 456 3184 aster
470 3113 531 3180 they
547 3113 606 3165 had
619 3112 763 3181 appeared
809 3113 954 3182 captured;
975 3131 1021 3167 see
1033 3131 1071 3167 on
1084 3130 1110 3183 9,
1120 3115 1145 3181 6,
1156 3130 1171 3166 2
1184 3120 1337 3187 necatique.

233 3217 268 3253 on
281 3198 326 3251 the
329 3197 422 3266 flank,
433 3195 494 3262 they
502 3211 575 3247 were
585 3194 699 3261 already
708 3202 759 3246 etc.
852 3196 901 3245 49.
929 3210 951 3244 1.
974 3196 1067 3258 plures
1091 3233 1097 3244 .
1121 3234 1127 3244 .
1150 3232 1157 3245 .
1181 3196 1337 3250 interiecti:

280 3294 320 3343 15.
347 3280 452 3333 Gallos:
469 3294 505 3330 no
513 3277 609 3346 longer
619 3275 759 3344 protected
809 3275 940 3345 Polybius
961 3293 1025 3345 says
1047 3275 1089 3330 six
1111 3276 1156 3330 tell
1175 3276 1242 3330 with
1266 3278 1340 3332 their

234 3363 271 3432 by
284 3361 331 3415 the
344 3359 401 3424 hill,
415 3376 475 3412 now
488 3358 547 3411 that
562 3357 691 3410 Claudius
706 3373 759 3410 was
809 3356 921 3422 drivers,
947 3357 1007 3410 four
1030 3357 1116 3411 broke
1143 3357 1262 3430 through
1291 3361 1339 3414 the

235 3441 339 3498 behind
351 3441 435 3494 them.
808 3437 879 3491 lines
891 3438 947 3491 and
960 3455 1030 3492 were
1042 3438 1181 3508 captured.
1190 3442 1339 3505 -quanto

280 3529 320 3574 16.
346 3525 473 3574 aberant:
492 3520 533 3575 lor
543 3520 588 3576 the
598 3518 684 3588 plutal
693 3517 759 3571 verb
809 3519 944 3571 maximo:
970 3536 1018 3573 see
1030 3536 1068 3572 on
1080 3535 1106 3588 9,
1122 3534 1162 3587 10,
1178 3534 1217 3573 ιο.

235 3605 299 3658 with
309 3609 383 3673 pars
393 3619 438 3655 see
449 3619 485 3656 on
496 3616 520 3666 2,
531 3601 572 3664 28,
582 3601 757 3669 9.—strati:
853 3617 877 3650 2.
904 3599 1088 3664 sprevissent:
1121 3599 1261 3667 iterative3
1291 3618 1339 3656 see

236 3684 377 3749 reflexive3
407 3700 452 3736 see
474 3700 510 3736 on
535 3694 577 3748 27,
601 3680 644 3747 46,
670 3694 760 3732 10.-
809 3696 846 3733 on
871 3695 895 3747 3,
918 3679 960 3746 36,
982 3680 1125 3736 8.—dux
1145 3721 1153 3736 .
1172 3723 1179 3736 .
1200 3722 1207 3736 .
1227 3699 1335 3752 pugna:
1436 3717 1437 3726 ,

758 3789 815 3860 306
