2976 4302
652 293 746 342 BOOK
770 294 807 340 IX
1120 289 1216 356 [Cum.
1229 303 1251 357 5,
1264 291 1280 340 6

176 460 275 522 ducti.
335 459 423 521 Tum
443 479 463 520 a
484 458 675 520 consulibus
696 457 787 519 abire
812 447 944 520 lictores
965 457 1046 519 iussi
1067 455 1279 537 paludamen-
1300 485 1330 535 ¹3

176 575 276 646 taque
298 563 466 626 detracta:
492 561 531 622 id
545 571 672 623 tantam
695 561 781 623 inter
802 561 902 641 ipsos,
920 561 975 642 qui
998 560 1097 641 paulo
1119 568 1197 622 ante
1222 579 1278 622 eos

177 677 369 729 execrantes
395 665 566 728 dedendos
590 665 850 744 lacerandosque
871 673 1079 736 censuerant,
1102 663 1330 743 miseratio-14

178 791 254 833 nem
275 771 354 832 fecit
373 779 409 832 ut
429 789 508 831 suae
529 770 668 850 quisque
684 767 888 830 condicionis
906 766 1027 829 oblitus
1043 766 1085 828 ab
1101 767 1156 828 illa
1172 766 1279 829 defor-

179 874 322 936 matione
353 883 465 936 tantae
498 871 680 934 maiestatis
712 872 802 934 velut
833 871 874 933 ab
906 871 1054 934 nefando
1088 870 1279 953 spectaculo

177 986 341 1041 averteret
357 977 479 1041 oculos.

221 1084 250 1146 6.
284 1080 383 1143 Primi
399 1081 553 1144 consules
571 1101 676 1162 prope
693 1079 858 1143 seminudi
874 1080 936 1142 sub
956 1079 1070 1161 iugum
1090 1081 1190 1154 missi,
1208 1089 1279 1142 tum
1317 1101 1326 1136 1

178 1195 214 1248 ut
237 1185 377 1268 quisque
401 1185 508 1266 gradu
532 1185 702 1266 proximus
726 1193 806 1259 erat,
824 1185 870 1246 ita
894 1183 1095 1264 ignominiae
1118 1184 1277 1257 obiectus

178 1299 248 1351 tum
275 1289 433 1370 deinceps
464 1289 615 1370 singulae
642 1288 800 1369 legiones,
863 1288 1131 1351 Circumstabant
1163 1289 1279 1350 armati
1315 1316 1330 1350 2

178 1393 300 1468 hostes
323 1393 561 1472 exprobrantes
585 1393 844 1475 eludentesque;
869 1391 970 1473 gladii
991 1393 1090 1454 etiam
1112 1392 1279 1474 plerisque

177 1495 339 1570 intentati,
366 1505 398 1558 et
421 1497 585 1558 vulnerati
609 1496 743 1578 quidam
768 1496 952 1579 necatique‚
979 1496 1006 1558 si
1029 1497 1140 1558 vultus
1164 1515 1278 1559 eorum

178 1599 374 1680 indignitate
392 1619 500 1662 rerum
517 1599 623 1661 acrior
638 1600 797 1663 victorem
814 1600 1019 1663 offendisset.
1068 1601 1121 1662 Ita
1136 1599 1279 1662 traducti
1314 1627 1329 1676 3

179 1702 239 1765 sub
256 1703 370 1784 iugum
386 1712 434 1781 εἰ,
447 1703 535 1784 quod
553 1724 660 1784 paene
676 1705 811 1785 gravius
827 1713 907 1779 erat,
921 1724 981 1786 per
997 1704 1141 1768 hostium
1154 1704 1276 1779 oculos,

178 1827 253 1868 cum
277 1827 295 1869 e
319 1807 404 1868 saltu
428 1807 622 1881 evasissent,
640 1808 703 1870 etsi
725 1807 817 1871 velut
839 1808 882 1869 ab
905 1809 1021 1871 inieris
1045 1807 1183 1871 extracti
1207 1816 1278 1870 tum

179 1911 320 1990 primum
344 1910 451 1972 lucem
474 1911 646 1992 adspicere
665 1911 727 1973 visi
748 1921 836 1985 sunt,
854 1921 966 1975 tamen
989 1912 1062 1992 ipsa
1084 1912 1139 1973 lux
1159 1913 1205 1974 ita
1225 1912 1278 1974 de-

178 2014 284 2076 forme
300 2013 504 2077 intuentibus
521 2035 642 2095 agmen
663 2015 754 2077 omni
775 2025 879 2078 morte
897 2015 1021 2077 tristior
1040 2016 1113 2078 fuit.
1161 2016 1279 2096 Itaque
1312 2044 1331 2092 4

178 2137 252 2179 cum
269 2127 347 2180 ante
363 2128 495 2180 noctem
509 2119 659 2200 Capuam
677 2119 852 2199 pervenire
869 2129 1017 2201 possent,
1030 2118 1149 2181 incerti
1161 2119 1201 2181 de
1211 2100 1278 2181 'fide

178 2221 342 2284 sociorum
369 2231 403 2284 et
430 2222 518 2303 quod
545 2223 654 2305 pudor
679 2222 928 2305 praepediebat,
958 2223 1045 2285 circa
1071 2222 1158 2285 viam
1190 2223 1278 2285 haud

223 2419 262 2466 13.
299 2403 509 2468 paludamenta:
538 2404 585 2458 the
606 2421 704 2474 gener·
796 2426 820 2473 3.
856 2424 904 2476 per
933 2409 1053 2462 hostium
1086 2410 1191 2462 oculos:
1231 2405 1277 2458 tie.

177 2483 225 2536 al's
242 2483 319 2537 cloak
336 2483 369 2558 of
383 2485 477 2552 purple
490 2485 545 2537 and
558 2485 632 2554 gold.
671 2487 703 2538 In
753 2487 871 2557 through
889 2487 936 2540 the
954 2486 1037 2539 midst
1056 2485 1087 2540 of
1103 2487 1150 2540 the
1172 2503 1278 2556 enemy,

180 2579 201 2628 1,
215 2563 257 2630 26,
271 2578 286 2616 2
301 2563 367 2633 Livy
381 2583 442 2617 uses
456 2565 503 2618 the
516 2566 591 2617 word
609 2564 641 2618 of
656 2565 703 2618 the
754 2567 815 2621 who
832 2585 901 2620 were
922 2567 1059 2637 watching
1078 2567 1168 2632 them3
1197 2566 1231 2619 cf.
1254 2580 1278 2633 2,

177 2643 304 2713 ordinary
329 2643 453 2698 soldier's
479 2645 703 2710 eloah-ipsos,
753 2648 795 2714 38,
809 2662 824 2714 3
839 2653 945 2700 vestros
961 2647 1055 2700 liberos
1070 2647 1210 2699 traductos
1224 2650 1279 2715 per

156 2777 159 2782 ,
177 2726 237 2792 qui:
257 2723 298 2778 lor
311 2724 358 2778 the
371 2724 503 2778 omission
517 2724 547 2780 oi
556 2742 598 2777 eos
611 2726 644 2779 cf.
661 2742 703 2793 21,
752 2727 1064 2779 orahominzmz.-visi
1073 2729 1150 2778 sunt:
1164 2744 1201 2781 sc.
1210 2728 1279 2791 st'bz'3

175 2818 218 2872 45,
232 2818 255 2874 ς.
753 2807 800 2861 the
824 2808 879 2860 dat.
904 2807 926 2860 is
952 2808 1056 2877 usually
1077 2807 1190 2861 omitted
1213 2807 1278 2878 only

219 2887 247 2936 6.
282 2902 304 2937 1·
336 2891 488 2943 seminudi:
526 2904 573 2941 see
606 2905 643 2941 on
677 2905 702 2959 9,
752 2887 816 2941 with
835 2888 881 2941 the
895 2887 953 2941 first
969 2905 1068 2956 person
1088 2887 1120 2942 oi
1134 2889 1278 2940 vadari.—

175 2979 200 3030 4,
223 2981 249 3033 3.
751 2969 938 3020 omnimorte:
955 2985 1036 3036 every
1047 2968 1120 3020 kind
1132 2968 1168 3038 of
1176 2968 1257 3019 death
1269 2986 1278 3032 ‚·

219 3062 242 3096 a.
270 3046 357 3111 gladii
378 3087 384 3098 .
408 3088 413 3100 .
436 3088 442 3100 .
464 3049 609 3101 intentati:
634 3066 702 3119 very
751 3048 784 3102 cf.
809 3049 834 3116 6,
860 3065 901 3116 22,
926 3048 943 3101 6
968 3051 1085 3101 nmteria
1109 3049 1151 3100 ad
1171 3065 1278 3100 ottznem

174 3127 301 3197 manyof
307 3127 379 3179 them
387 3145 459 3181 were
467 3130 701 3183 threatenedwitlr
749 3130 866 3183 laudem.

173 3207 288 3259 sworcir.
327 3209 349 3260 F
350 3208 548 3263 oradifferent
563 3219 701 3266 construe·
793 3229 817 3274 4.
846 3211 981 3276 Capuam:
1007 3210 1091 3264 about
1108 3218 1277 3279 twenty-two

173 3293 233 3339 tion
253 3287 316 3340 with
340 3290 443 3341 intento
465 3307 511 3344 see
532 3307 556 3358 3,
573 3304 615 3356 47,
631 3305 701 3356 7.-
751 3291 828 3344 miles
847 3291 916 3344 from
938 3292 985 3344 the
1006 3291 1274 3360 pass-sociorum:

172 3367 330 3432 necatique:
347 3369 410 3421 and
417 3370 508 3422 others
517 3387 588 3423 were
600 3371 685 3423 killed
691 3389 699 3434 ,·
749 3389 795 3424 see
806 3385 829 3438 7,
838 3387 880 3440 31,
888 3386 913 3436 4.
952 3373 984 3424 ln
993 3372 1063 3440 spite
1071 3370 1103 3425 of
1109 3371 1178 3424 their
1185 3388 1276 3440 prom·

172 3446 204 3500 cf.
220 3463 245 3517 9,
264 3449 303 3515 18,
323 3463 352 3516 13
373 3451 455 3502 denos
475 3453 649 3520 uicenosque‚·
674 3468 706 3522 9,¹
749 3450 803 3505 ises
821 3451 886 3522 they
901 3452 956 3504 had
972 3451 1054 3504 aided
1072 3451 1119 3504 the
1136 3450 1231 3504 Latins
1246 3451 1274 3502 in

174 3527 352 3598 18‚9vz'veret
360 3536 568 3599 merereturque
577 3549 586 3594 ,·
605 3544 647 3596 27,
657 3545 699 3600 45,
749 3532 795 3584 the
816 3533 894 3585 Latin
906 3533 982 3598 War,
998 3532 1061 3597 and,
1075 3549 1105 3584 as
1122 3548 1138 3584 a
1155 3530 1273 3600 penalty,

172 3621 186 3675 5
205 3614 368 3679 metumque.
379 3641 414 3648 -
422 3610 593 3662 offendisset:
620 3610 699 3665 itera·
748 3612 804 3665 had
814 3612 884 3666 been
895 3611 1026 3680 deprived
1036 3610 1068 3665 ol
1074 3628 1090 3664 a
1097 3620 1158 3680 part
1166 3610 1198 3665 of
1204 3611 1274 3664 their

171 3688 240 3756 τίνες
260 3705 306 3742 see
320 3706 355 3743 on
369 3705 395 3757 3,
407 3689 450 3758 36,
464 3690 491 3743 8.
748 3692 880 3762 territory.
889 3697 1016 3748 -eiroa:
1031 3707 1066 3743 on
1075 3691 1134 3744 both
1144 3691 1215 3743 sides
1226 3691 1273 3762 os,-

695 3800 751 3873 167
