2918 4296
213 281 296 331 Crmr.
309 281 354 346 36]

544 279 756 328 SELECTlONS
779 279 799 326 F
801 278 877 326 ROM
901 279 984 326 LlVll

181 474 196 509 2
214 466 312 527 quam
326 447 447 508 inirent
464 446 707 524 magistratum,
718 444 751 505 in
769 463 846 506 suos
860 463 968 506 mores
980 444 1136 506 formare.
1184 444 1316 508 Cotidie

214 550 348 612 coibant
371 549 505 612 remotis
529 547 678 623 arbitris;
710 546 787 609 inde
810 546 1038 627 inpotentibus
1064 547 1218 610 instructi
1241 567 1317 610 con-

214 654 302 728 siliis,
327 672 413 735 quae
436 661 565 715 secreto
589 651 630 713 ab
654 650 726 713 aliis
750 650 946 732 coquebant,
963 650 1027 712 iam
1052 650 1142 712 haud
1166 652 1317 714 dissimu-

215 757 312 819 lando
337 755 535 837 superbiam,
560 755 625 818 rari
648 755 767 829 adituS,
791 754 1069 836 conloquentibus
1092 754 1253 830 difficiles,
1273 756 1315 817 ad

182 862 287 934 3idus
316 861 424 922 Maias
452 879 522 921 rem
550 859 743 940 perduxere.

792 858 872 920 Idus
898 868 967 920 tum
998 858 1108 921 Maiae
1135 859 1316 922 sollemnes

214 963 367 1026 ineundis
386 951 635 1043 magistratibus
657 970 759 1025 erant.
808 963 896 1024 Inito
918 961 1018 1042 igitur
1037 963 1232 1042 magistratu
1254 965 1316 1045 pri·

215 1088 304 1128 mum
321 1068 456 1129 honoris
472 1067 558 1128 diem
573 1066 823 1138 denuntiatione
840 1067 985 1146 ingentis
1001 1065 1137 1129 terroris
1148 1067 1314 1148 insignem

214 1155 333 1234 fecere.
382 1171 470 1232 Nam
482 1191 557 1232 cum
574 1170 620 1232 ita
636 1170 762 1250 priores
778 1171 957 1232 decemviri
969 1180 1167 1246 servassent,
1179 1181 1216 1234 ut
1229 1191 1316 1234 unus

214 1275 323 1338 fasces
340 1274 525 1337 haberetet
542 1274 605 1336 hoc
620 1273 750 1355 insigne
766 1275 893 1355 regium
914 1274 947 1336 in
967 1273 1079 1336 orbern
1100 1294 1193 1337 suam
1210 1276 1316 1339 cuius-

214 1398 278 1460 que
295 1378 400 1441 vicem
418 1399 477 1459 per
493 1398 610 1441 omnes
626 1379 696 1453 iret,
716 1378 824 1440 subito
840 1398 957 1440 omnes
974 1398 1049 1440 cum
1069 1378 1232 1441 duodenis
1248 1380 1315 1442 fas-

180 1508 197 1555 4
214 1482 307 1545 cibus
327 1482 487 1563 prodiere.
535 1483 678 1546 Centum
690 1481 808 1562 viginti
825 1482 956 1544 lictores
973 1483 1082 1544 lorum
1095 1483 1316 1564 inpleverant,

215 1595 248 1649 et
272 1606 347 1648 cum
373 1585 521 1648 fascibus
546 1606 679 1648 secures
704 1585 860 1672 inligatas
882 1586 1137 1668 praeferebant;
1161 1606 1224 1649 nec
1244 1589 1318 1650 atti-

215 1691 327 1752 nuisse
343 1688 431 1752 demi
453 1709 612 1764 securem,
630 1710 705 1752 cum
724 1691 796 1752 sine
818 1691 1053 1771 provocatione
1072 1692 1174 1753 creati
1190 1701 1314 1767 essent,

182 1822 195 1875 5
215 1793 527 1874 interpretabantur.
571 1795 697 1857 Decem
714 1813 830 1875 regum
844 1794 973 1874 species
983 1803 1054 1856 erat
1067 1795 1318 1876 multiplicatus-

215 1917 279 1978 que
301 1907 406 1959 terror
422 1917 488 1959 non
508 1897 628 1959 infimis
650 1898 757 1960 solum
779 1899 838 1960 sed
858 1897 1057 1978 primoribus
1076 1908 1218 1979 patrum,
1235 1901 1318 1962 ratis

215 2000 326 2062 caedis
345 2021 478 2063 causam
503 2021 540 2063 ac
565 2002 763 2082 principium
787 2001 911 2082 quaeri,
932 2010 976 2076 ut,
998 2001 1025 2063 si
1044 2002 1117 2083 quis
1134 2022 1317 2065 memorem

214 2103 374 2168 libertatis
386 2124 501 2168 vocem
516 2114 572 2168 aut
588 2106 622 2166 in
639 2115 757 2168 senatu
773 2116 830 2168 aut
845 2105 879 2167 in
895 2105 1020 2188 populo
1036 2105 1187 2180 misisset,
1202 2107 1318 2170 statim

259 2329 284 2364 2.
310 2314 436 2366 arbitris:
459 2314 603 2365 witnerrer.
617 2345 651 2352 -
664 2314 740 2378 inpo-

214 2395 351 2446 tentibus:
372 2397 416 2446 i.e.
432 2394 509 2461 plans
523 2393 551 2445 in
562 2392 648 2446 which
664 2394 739 2446 there

215 2491 270 2526 was
288 2491 324 2527 no
340 2481 457 2542 attempt
475 2482 503 2525 at
521 2473 689 2527 sels-control
709 2491 740 2527 or

216 2555 396 2607 moderation.
411 2557 559 2606 -secreto
589 2557 639 2605 ab:
672 2554 740 2623 Livy

215 2651 277 2687 uses
296 2634 341 2687 the
360 2633 414 2703 adj.
433 2641 548 2686 secretus
569 2635 633 2687 with
655 2636 689 2686 ab
711 2634 739 2686 in

215 2715 318 2768 several
341 2715 439 2782 placeS,
462 2714 508 2767 the
533 2714 596 2767 adv.
619 2715 685 2767 with
706 2714 740 2767 ab

215 2796 376 2865 apparently
406 2795 533 2848 nowhere
565 2795 740 2848 else-dis-

216 2877 387 2928 simulando:
408 2892 454 2929 see
474 2892 508 2928 on
526 2891 548 2940 1,
567 2890 590 2943 ς,
607 2875 623 2928 6
641 2880 740 2944 conpa-

215 2957 472 3009 randa—aditus:
495 2969 558 3026 gen.
578 2956 610 3009 of
627 2956 738 3025 quality.

216 3052 311 3088 -rem
323 3039 485 3102 perduxere:
505 3037 653 3088 continued
667 3036 740 3089 their

214 3134 315 3170 course.

259 3215 281 3260 3·
307 3201 466 3251 sollemnes:
485 3198 581 3265 final,-
608 3211 630 3263 1,
655 3211 697 3264 31,
721 3211 739 3260 4

215 3281 318 3331 mansit
334 3287 403 3332 certe
420 3278 551 3343 sollemne,
565 3283 603 3342 nt,
617 3278 739 3346 quanda-

214 3361 353 3427 puerilem
366 3360 527 3428 prodigium
549 3359 738 3422 nuntiaretur,

206 3440 301 3508 feriae
314 3445 369 3509 per
387 3455 484 3492 navem
503 3439 559 3490 dies
582 3443 738 3506 agerentur.

215 3519 276 3572 The
289 3520 351 3573 date
368 3519 399 3573 of
414 3519 460 3572 the
475 3517 628 3588 beginning
646 3515 676 3570 ol
692 3517 739 3569 the

214 3599 342 3653 consular
366 3615 430 3668 year
454 3595 509 3650 'was
534 3598 637 3651 altered
668 3597 739 3651 from

790 2329 844 2366 was
857 2311 930 2366 fixed
945 2320 973 2365 at
985 2314 1105 2384 January
1120 2328 1149 2380 13
1169 2331 1215 2368 see
1234 2331 1272 2368 on
1290 2331 1317 2386 9,

790 2394 814 2457 8,
829 2408 850 2445 1.
861 2395 1012 2446 -terroris
1024 2413 1030 2446 ε
1050 2394 1105 2464 obj.
1117 2412 1181 2464 gen.
1193 2395 1258 2448 with
1272 2397 1318 2448 de-

790 2475 972 2526 nuntiatione.
987 2478 1066 2527 —ut
1089 2514 1095 2525 .
1122 2514 1127 2525 .
1154 2515 1159 2526 .
1186 2478 1314 2528 haberet:

791 2553 837 2606 the
854 2553 945 2623 object
962 2553 994 2607 of
1008 2561 1162 2608 servassent
1171 2574 1181 2616 ‚·
1198 2556 1259 2608 had
1273 2557 1317 2609 ab·

789 2635 890 2686 saraed
895 2635 940 2686 tlte
948 2634 1008 2687 rale
1019 2635 1081 2686 that
1089 2635 1152 2702 only
1160 2653 1209 2688 ane
1221 2645 1272 2690 etc.
1280 2668 1318 2676 —

790 2713 896 2766 fasces:
916 2731 962 2768 see
984 2729 1008 2779 2,
1034 2730 1055 2780 1,
1078 2716 1093 2766 8
1115 2716 1171 2769 and
1196 2724 1316 2770 note.—

790 2809 869 2846 snam
889 2833 894 2845 .
917 2833 922 2845 .
943 2832 949 2846 .
968 2796 1069 2846 vicem:
1090 2801 1117 2847 ta
1135 2795 1198 2848 each
1217 2798 1247 2848 in
1272 2797 1317 2850 lits

789 2891 851 2927 own
875 2880 964 2938 tnrn;
990 2875 1033 2929 sor
1056 2875 1103 2928 the
1127 2876 1316 2930 combination

789 2973 870 3008 snam
888 2958 1015 3024 cuiusque
1034 2973 1079 3009 see
1098 2972 1136 3009 on
1155 2971 1197 3023 22,
1216 2970 1241 3023 7,
1266 2971 1314 3024 103

789 3034 832 3088 for
844 3035 890 3088 the
903 3035 1042 3089 adverbial
1058 3037 1211 3089 accusative
1229 3038 1316 3090 anem

790 3115 824 3169 cf.
840 3131 864 3180 2,
877 3131 919 3183 31,
936 3130 975 3182 rr,
988 3116 1078 3169 where
1091 3116 1112 3168 it
1124 3116 1148 3169 is
1166 3117 1233 3171 used
1252 3116 1281 3169 in
1299 3133 1317 3171 a

790 3195 914 3249 different
927 3213 1014 3249 sense.

834 3295 857 3339 4.
880 3291 999 3328 secures:
1012 3276 1060 3330 the
1068 3277 1179 3331 consuls
1188 3295 1258 3332 were
1267 3284 1316 3332 not

789 3356 902 3410 allowed
917 3364 946 3410 to
959 3373 1036 3426 carry
1048 3373 1113 3410 axes
1129 3356 1158 3409 in
1177 3358 1224 3412 the
1243 3358 1314 3427 city,

790 3437 855 3506 only
868 3453 884 3489 a
897 3437 1014 3490 dictator
1026 3437 1081 3489 had
1097 3436 1156 3490 that
1175 3437 1315 3508 privilege.

791 3517 843 3570 See
867 3535 905 3570 on
930 3533 954 3583 2,
982 3533 1005 3583 1,
1029 3518 1156 3570 8.-nec
1168 3521 1316 3572 attinuisse

792 3636 798 3649 .
825 3636 832 3648 .
860 3636 866 3648 .
893 3599 1156 3662 interpretabantur:
1188 3599 1249 3666 they
1273 3616 1317 3652 ex-

214 3679 325 3733 timeto
346 3679 411 3732 time
431 3678 500 3731 until
520 3678 549 3730 in
573 3692 621 3748 154
641 3691 697 3731 uc.
718 3677 739 3731 it
784 3677 905 3746 plained
917 3678 979 3731 that
995 3678 1071 3731 there
1087 3696 1147 3731 was
1165 3697 1201 3732 na
1218 3697 1316 3734 reason
