2966 4294
247 288 327 334 snae.
344 287 371 351 5]
579 285 791 336 SELECl'lONS
814 287 911 334 l'ROll
937 287 1020 336 LIVY

246 453 366 514 virtute
387 451 594 513 evadendum
613 469 703 526 esse;
728 471 789 532 per
806 451 931 514 medias
951 451 1040 514 acies
1063 451 1153 515 ferro
1169 451 1258 515 viam
1281 454 1348 517 fieri

245 566 287 628 et,
313 575 378 636 quo
405 555 531 618 timoris
556 555 664 617 minus
689 557 738 630 sit,
764 556 937 617 eominus
964 555 1071 617 ferme
1099 555 1237 637 periculi
1264 578 1345 621 esse.

212 691 227 742 3
246 659 402 723 Ceterum
419 679 498 740 prae
515 660 655 739 strepitu
671 679 709 721 ac
728 659 871 721 tumultu
893 679 955 721 nec
976 659 1149 722 consilium
1170 681 1233 723 nec
1249 662 1348 743 impe-

244 762 329 824 rium
353 763 458 844 accipi
483 772 622 842 poterat,
639 773 836 844 tantumque
857 762 972 826 aberat
994 773 1030 825 ut
1051 783 1111 825 sua
1133 766 1230 844 signa
1249 775 1348 848 atque

245 867 378 930 ordines
394 876 427 930 et
445 868 551 929 locum
569 877 754 941 noscerent,
769 877 804 929 ut
820 867 873 928 vix
889 867 931 929 ad
948 887 1040 929 arma
1056 869 1220 949 capienda
1236 880 1348 951 aptan-

244 971 353 1052 daque
376 990 510 1051 pugnae
534 980 727 1051 conpeteret
759 970 890 1033 animus
917 972 1256 1054 opprimerenturque
1281 976 1348 1055 qui-

244 1075 320 1136 dam
337 1077 464 1138 onerati
482 1077 587 1156 magis
604 1075 643 1137 iis
659 1095 758 1156 quam
771 1074 859 1138 tecti.
908 1075 952 1137 Et
964 1085 1035 1138 erat
1047 1077 1080 1137 in
1095 1085 1189 1139 tanta
1205 1078 1348 1158 caligine

210 1209 226 1255 4
244 1180 348 1241 maior
364 1199 443 1241 usus
459 1179 586 1240 aurium
604 1199 703 1261 quarn
716 1179 896 1241 oculorum.
943 1178 1000 1242 Ad
1017 1182 1161 1262 gemitus
1173 1181 1347 1244 vulnerum

243 1285 395 1365 ictusque
418 1303 592 1364 corporum
614 1293 670 1346 aut
690 1303 856 1345 armorum
878 1292 912 1346 et
933 1285 1053 1347 mixtos
1075 1284 1270 1348 terrentium
1295 1307 1350 1368 pa·

211 1389 457 1473 5ventiumque
479 1388 641 1450 clamores
661 1387 941 1450 circumferebant
962 1408 1021 1451 ora
1041 1389 1230 1470 oculosque.
1278 1390 1349 1452 Alii

244 1491 411 1572 fugientes
432 1491 651 1573 pugnantium
670 1491 771 1572 globo
791 1492 883 1554 inlati
901 1493 1093 1567 haerebant,
1111 1493 1194 1556 alios
1209 1493 1349 1556 redeun-

209 1614 226 1662 o
243 1606 293 1658 tes
312 1597 345 1657 in
366 1613 513 1678 pugnam
534 1596 707 1658 avertebat
729 1595 928 1677 fugientium
950 1616 1081 1678 agmen.
1131 1596 1272 1672 Deinde,
1292 1597 1348 1661 ubi

242 1701 276 1762 in
300 1701 407 1763 omnis
432 1699 534 1780 partis
559 1701 760 1782 nequiquam
784 1701 929 1781 impetus
953 1702 1042 1782 capti
1066 1710 1099 1764 et
1123 1701 1165 1763 ab
1189 1702 1348 1765 lateribus

243 1815 373 1868 montes
389 1825 428 1867 ac
446 1805 545 1877 lacuS,
563 1824 583 1866 a
599 1805 709 1867 fronte
726 1813 759 1867 et
775 1804 817 1866 ab
833 1813 927 1885 tergo
946 1805 1091 1867 hostium
1107 1805 1198 1868 acies
1217 1806 1348 1870 claude-

241 1907 323 1970 bant
347 1908 566 1989 adparuitque
590 1908 714 1970 nullam
739 1908 801 1970 nisi
825 1907 859 1970 in
887 1907 1022 1971 dextera
1049 1909 1207 1990 ferroque
1231 1910 1347 1973 salutis

211 2042 224 2094 7
243 2033 335 2093 spem
356 2032 438 2086 esse,
456 2021 526 2074 tum
548 2012 609 2073 sibi
632 2011 772 2093 quisque
796 2012 862 2073 dux
886 2012 1146 2094 adhortatorque
1170 2013 1280 2076 factus
1305 2015 1346 2076 ad
1449 2081 1450 2090 q

242 2137 310 2181 rem
327 2117 508 2198 gerendam
526 2127 559 2178 et
575 2136 661 2178 nova
676 2116 718 2180 de
730 2117 861 2198 integro
874 2126 987 2180 exorta
1003 2138 1117 2198 pugna
1132 2127 1193 2193 est,
1207 2137 1275 2180 non
1293 2117 1348 2180 illa
1449 2101 1450 2117 ἵ

241 2334 338 2385 -quo
358 2358 364 2371 .
384 2359 389 2371 .
410 2358 416 2371 .
435 2335 510 2372 esse:
532 2319 597 2373 Sall.
612 2320 678 2388 sug.
695 2319 766 2385 87,2
861 2337 885 2382 4.
910 2321 1067 2371 vulnerum:
1088 2319 1143 2388 obj.
1156 2335 1220 2388 gen.
1235 2336 1265 2372 as
1280 2318 1310 2372 in
1323 2320 1348 2384 8,

242 2402 434 2473 fortissimum
441 2417 572 2469 quemque
580 2401 749 2451 tutissimum
758 2417 767 2462 ,·
818 2414 907 2468 29,13
926 2400 1077 2453 vulnerum
1095 2401 1160 2463 r'ra5
1181 2401 1242 2452 Am.
1260 2401 1348 2454 Marc.

245 2484 312 2535 Hor.
331 2482 383 2534 Od.
398 2496 422 2548 3,
433 2497 457 2546 2,
471 2495 502 2545 14
515 2497 589 2532 irrars
605 2480 768 2548 elfiegaeem
818 2495 860 2549 29,
882 2495 905 2548 5,
929 2494 958 2531 12
981 2482 1055 2533 inter
1070 2481 1189 2548 gemitus
1207 2482 1307 2531 mortis
1324 2485 1349 2532 el

246 2563 424 2632 persequitur
437 2564 552 2624 ve'rrem,·
572 2561 647 2612 Curt.
665 2559 727 2612 Rus.
743 2573 767 2624 4,
817 2559 1158 2630 vuluerreu15Verg.Aen.
1170 2574 1194 2626 2,
1206 2559 1349 2625 784lacri·

246 2657 285 2708 14,
311 2657 343 2710 25
370 2643 466 2711 effugit
495 2647 620 2705 martem,
644 2642 768 2708 quisquis
817 2657 878 2691 mas
890 2640 1003 2692 dilectae
1018 2640 1144 2692 Creusae.

243 2725 451 2790 contempserit,-
464 2722 671 2774 timidissimum
680 2736 769 2788 quem·
862 2726 884 2770 6.
911 2722 1001 2784 capti:
1022 2737 1068 2773 see
1087 2736 1124 2773 on
1141 2735 1167 2788 9,
1180 2734 1205 2784 4,
1221 2733 1250 2783 ις
1273 2719 1308 2773 cf.
1324 2735 1348 2788 5,

243 2820 294 2872 que
301 2805 483 2872 consequitur.
493 2834 529 2840 —
536 2802 635 2852 ferme:
651 2800 767 2866 usually.
818 2800 860 2868 38,
869 2815 884 2868 3
894 2801 1028 2869 impetum
1036 2801 1144 2852 darent.
1177 2799 1238 2852 The
1247 2799 1348 2867 phrase

288 2902 313 2948 3.
339 2888 500 2949 tantumque
510 2886 603 2934 aberat
616 2883 646 2933 ut
660 2920 664 2930 .
680 2919 685 2931 .
700 2919 706 2930 .
720 2883 765 2932 ut:
818 2880 952 2934 indicates
977 2897 1012 2932 an
1035 2879 1179 2948 unusually
1201 2888 1348 2933 strenuous
1446 2913 1447 2916 =

244 2964 291 3018 the
304 2965 361 3017 first
375 2971 406 3016 ut
418 2966 507 3018 clause
522 2963 544 3016 is
558 2964 604 3015 the
618 2960 723 3030 subject
736 2959 767 3013 of
818 2960 918 3031 charge
934 2978 965 3014 or
980 2977 1033 3014 one
1052 2960 1130 3014 made
1150 2975 1297 3029 necessary
1310 2960 1347 3029 by

243 3046 346 3108 aberat,
361 3046 407 3098 the
427 3045 529 3098 second
544 3061 560 3096 a
573 3044 664 3096 clause
683 3041 713 3094 of
728 3057 769 3093 re·
818 3041 1037 3095 circumstances.
1047 3044 1124 3093 -ab
1136 3041 1283 3092 lateribus:
1299 3058 1347 3093 see

244 3127 451 3190 suit-signa:
474 3124 623 3192 maniples3
644 3123 766 3173 ordines:
819 3139 855 3175 on
881 3136 902 3186 1,
924 3136 966 3186 24,
989 3136 1004 3172 2
1024 3121 1104 3174 uude.
1143 3123 1169 3174 lt
1190 3120 1213 3174 is
1234 3120 1347 3173 evident

244 3206 379 3260 centuries
404 3206 452 3275 (cs.
477 3220 501 3269 2,
528 3219 569 3271 23,
589 3203 638 3270 4);
665 3205 767 3255 locum:
819 3202 878 3254 that
891 3202 938 3254 the
951 3203 1024 3254 main
1034 3201 1109 3271 body
1120 3199 1150 3254 ol
1161 3200 1208 3254 the
1222 3202 1347 3252 Romans
1446 3205 1447 3275 q

245 3288 291 3339 the
305 3286 424 3354 position
441 3285 472 3339 of
486 3285 532 3337 the
548 3283 713 3348 individua13
735 3281 768 3335 cl.
819 3299 874 3335 was
893 3299 955 3336 now
973 3281 1064 3352 facing
1083 3288 1142 3334 east
1162 3279 1209 3351 (cl.
1231 3294 1272 3346 22,
1288 3294 1314 3345 4,
1332 3294 1346 3345 7

246 3368 260 3432 §
275 3384 298 3433 7.
336 3369 381 3420 On
401 3366 447 3419 the
465 3365 616 3434 manipular
631 3361 770 3434 organiza·
818 3365 848 3415 in
854 3363 982 3433 frontem
995 3362 1150 3430 lateraque)
1163 3360 1218 3414 and
1232 3359 1349 3429 secking

246 3449 304 3501 tion
323 3466 369 3500 see
388 3464 424 3500 on
444 3463 469 3517 9,
491 3461 530 3515 19,
546 3445 768 3509 8.-capienda:
820 3460 917 3512 escape
930 3444 958 3495 in
972 3443 1031 3496 that
1040 3441 1347 3495 direction-claude-

246 3528 278 3581 cf.
305 3543 346 3592 22,
372 3543 396 3592 4,
422 3541 437 3593 7
464 3526 768 3595 expediri-pugnae:
819 3528 901 3576 bant:
924 3523 991 3576 used
1010 3522 1180 3591 absolutely;
1200 3520 1233 3576 cf.
1248 3535 1347 3588 21,43,

246 3609 300 3660 dat,
315 3608 345 3661 of
354 3624 485 3676 purpose3
506 3606 539 3659 cf.
551 3620 575 3674 5,
585 3620 626 3675 49,
637 3622 660 3673 3,
672 3605 769 3665 where,
819 3619 845 3671 4,
870 3603 967 3669 where,
990 3603 1123 3667 however,
1145 3618 1182 3654 an
1206 3601 1297 3674 object
1323 3600 1347 3654 is
1445 3601 1446 3642 l

245 3688 310 3741 with
322 3688 367 3740 the
378 3704 453 3741 same
462 3688 569 3756 phrase,
579 3685 599 3740 it
610 3686 632 3740 is
646 3685 770 3741 omitted.
821 3701 896 3738 more
910 3684 994 3758 easily
1007 3683 1139 3756 supplied.

772 3810 828 3864 244
