2918 4296
618 308 712 358 BOOK
736 307 763 356 11
1097 307 1193 371 [Char.
1207 308 1238 358 28

130 472 211 536 dum
235 481 335 549 esset,
358 471 516 535 invidiam
540 471 611 536 eius
634 474 788 536 consules
812 472 853 535 ad
878 483 1031 536 senatum
1055 472 1236 536 reicerent:

131 577 294 659 prolecto,
313 577 341 639 si
364 585 477 640 essent
499 578 532 638 in
553 597 587 640 re
607 577 740 658 publica
763 577 985 658 magistratus,
1002 579 1130 640 nullum
1151 579 1237 640 futu·
1272 601 1287 652 3

131 701 205 743 rum
222 682 328 744 fuisse
347 682 475 744 Romae
491 680 555 743 nisi
571 681 740 761 publicum
757 680 953 757 consilium;
978 701 1067 744 nunc
1090 683 1124 744 in
1147 683 1236 744 mille
1270 701 1287 748 4

132 785 241 848 curias
265 786 514 866 contionesque,
532 804 608 847 cum
627 784 691 846 alia
712 781 780 868 [in]
807 785 974 866 Esquiliis,
992 785 1057 848 alia
1075 787 1109 848 in
1125 786 1238 849 Aven-
1305 784 1307 790 '

131 889 202 951 tino
218 889 300 950 fiant
323 888 472 963 concilia,
489 888 675 969 dispersam
691 897 725 951 et
740 888 936 970 dissipatam
951 909 1025 952 esse
1042 910 1112 953 rem
1129 889 1235 971 publi-

132 1012 215 1054 cam.
262 993 375 1056 Vnum
410 991 544 1054 hercule
573 992 776 1055 virum-:id
806 993 895 1055 enim
927 995 1002 1075 plus
1032 1014 1106 1057 esse
1136 1014 1235 1075 quam

132 1097 371 1172 consulem—,
389 1094 495 1179 qualis
511 1096 578 1177 Ap.
598 1096 756 1160 Claudius
772 1096 882 1172 fuerit,
896 1107 1065 1160 momento
1077 1099 1236 1179 temporis

132 1200 360 1263 discussurum
385 1200 458 1263 illos
481 1210 595 1264 coetus
620 1200 734 1263 luisse.
781 1200 942 1282 Conrepti
968 1202 1122 1265 consules
1149 1221 1234 1277 cum,
1270 1186 1285 1270 Ι5

133 1304 213 1386 quid
230 1324 309 1384 ergo
326 1324 362 1367 se
378 1304 491 1367 facere
506 1305 692 1379 vellent,—
703 1304 786 1366 nihil
807 1306 895 1367 enim
912 1307 1047 1386 segnius
1064 1304 1235 1368 molliusve

133 1428 233 1489 quam
259 1409 409 1489 patribus
434 1410 564 1490 placeat
589 1419 1102 1491 acturos,—percunctarentur,
1127 1410 1236 1472 decer-

134 1521 227 1586 nunt,
245 1521 281 1575 ut
297 1513 455 1575 dilectum
474 1533 574 1594 quam
594 1514 792 1575 acerrimum
811 1512 957 1575 habeant
969 1514 986 1574 τ’
999 1514 1066 1576 otio
1085 1513 1236 1576 lascivire

134 1615 276 1696 plebem.
326 1616 473 1679 Dimisso
497 1625 614 1678 senatu
639 1616 794 1678 consules
813 1614 845 1678 in
869 1615 1012 1678 tribunal
1033 1617 1218 1680 escendunt
1226 1638 1234 1693 ;
1270 1633 1287 1681 6

133 1720 239 1782 citant
262 1720 456 1782 nominatim
479 1719 634 1782 iuniores.
682 1720 766 1783 Cum
786 1719 828 1781 ad
850 1739 972 1782 nomen
989 1739 1087 1782 nemo
1103 1741 1236 1801 respon·

133 1822 236 1898 deret,
262 1824 464 1886 circumfusa
487 1823 665 1886 multitudo
695 1823 729 1885 in
752 1823 916 1886 contionis
946 1823 1081 1887 modum
1112 1844 1236 1905 negare

134 1927 221 1989 ultra
243 1927 353 2009 decipi
377 1927 509 2008 plebem
533 1947 650 2008 posse:
676 1947 857 2009 numquam
874 1947 977 1989 unum
994 1927 1131 1990 militem
1148 1928 1238 1990 habi·
1272 1940 1286 1992 7

133 2041 235 2106 turos,
253 2030 288 2093 ni
310 2041 536 2113 praestaretur
558 2032 641 2094 fides
665 2031 817 2113 publica,
850 2031 1035 2094 libertatem
1060 2031 1236 2113 unicuique

134 2135 226 2217 prius
250 2135 454 2198 reddendam
485 2155 558 2199 esse
589 2156 689 2217 quam
720 2156 812 2198 arma
842 2135 961 2211 danda,
987 2145 1023 2198 ut
1046 2156 1106 2217 pro
1130 2137 1237 2216 patria

117 2237 337 2320 ¹civibusque,
365 2259 433 2302 non
464 2259 525 2320 pro
556 2239 697 2302 dominis
729 2249 889 2320 pugnent.
952 2239 1125 2314 Consules,
1157 2239 1237 2320 quid
1271 2245 1288 2295 8

135 2342 329 2404 mandatum
350 2335 443 2405 ¹esset
466 2363 485 2404 a
509 2352 636 2418 senatu,
658 2342 826 2418 videbant,
851 2343 910 2406 sed
933 2363 1047 2406 eorum
1072 2343 1128 2424 qui
1151 2343 1237 2406 intra

2 2429 8 2439 ’
85 2472 88 2476 ·
134 2445 277 2530 parietes
315 2445 426 2509 curiae
464 2446 620 2510 ferociter
661 2447 875 2528 loquerentur
913 2446 1081 2509 neminem
1119 2446 1237 2510 adesse

178 2681 204 2726 4.
230 2674 314 2712 nunc:
341 2677 387 2714 see
412 2678 449 2714 on
476 2676 497 2726 r,
523 2661 564 2726 28,
589 2677 661 2731 9.-
711 2660 740 2712 in
761 2663 1235 2729 percunctarentur.—decemunt2

133 2742 238 2796 curias:
267 2757 313 2793 see
338 2757 376 2793 on
401 2755 425 2807 2,
450 2755 492 2807 24,
518 2742 656 2808 3.-ld=
712 2741 759 2793 the
772 2740 877 2810 subject
890 2740 913 2794 is
921 2747 1027 2810 patrer.
1064 2742 1238 2796 Forasimi-

133 2823 231 2874 virum
243 2838 297 2873 esse
305 2838 315 2885 ‚·
333 2820 366 2874 cl.
376 2821 422 2874 the
435 2838 483 2874 use
495 2820 527 2874 of
536 2821 583 2874 the
596 2838 661 2875 neu·
712 2820 752 2873 lar
769 2821 876 2890 change
893 2822 921 2873 in
940 2821 1052 2890 subject,
1070 2822 1117 2875 the
1134 2823 1238 2876 second

133 2909 176 2954 ter
188 2918 314 2971 pronoun
326 2901 355 2953 in
369 2917 410 2968 30,
424 2916 467 2968 30,
483 2916 524 2953 12.
713 2900 796 2971 being
820 2901 959 2954 indicated
984 2902 1021 2971 by
1045 2902 1091 2956 the
1116 2912 1237 2970 context,

179 2999 204 3048 5.
230 2983 366 3046 conrepti:
398 2982 463 3033 thus
486 2982 662 3035 attached-
712 2999 758 3034 see
775 2996 796 3047 1,
809 2996 834 3045 4,
848 2997 863 3048 3
877 2982 972 3047 datur,
985 2983 1065 3035 iubet.

134 3076 212 3127 ergo:
239 3062 326 3132 rarely
346 3063 415 3116 used
437 3061 465 3114 in
487 3078 523 3114 an
545 3061 661 3116 indirect
756 3068 782 3114 6.
808 3063 939 3114 iuniores:
973 3063 1043 3115 Gell.
1080 3078 1118 3127 10,
1150 3063 1191 3128 28,
1223 3079 1233 3116 1

134 3143 270 3212 question.
320 3144 345 3195 lt
369 3150 497 3212 suggests
522 3141 588 3196 here
614 3142 661 3196 the
711 3159 755 3195 eos
778 3142 905 3214 (mz'lz'tes)
929 3143 970 3195 ad
987 3160 1094 3195 annum
1115 3145 1238 3212 quadra-

133 3223 297 3292 impatience
309 3223 343 3275 ol
355 3223 402 3276 the
415 3223 550 3292 question,
563 3222 592 3274 in
607 3222 661 3276 lact
707 3225 843 3292 gesimam
860 3229 966 3275 sextum
986 3225 1115 3287 iuniores,
1137 3227 1235 3293 supra-

133 3303 209 3374 gives
225 3312 255 3357 to
268 3303 289 3356 it
302 3303 402 3357 almost
415 3304 462 3356 the
477 3301 551 3356 force
568 3301 600 3357 of
614 3303 661 3356 the
711 3321 763 3372 que
774 3320 836 3356 eum
847 3305 1079 3356 annumsembres
1088 3303 1239 3371 appellasse

133 3385 220 3438 direct
230 3383 316 3450 form3
336 3383 392 3436 this
402 3382 481 3438 effect
491 3383 514 3436 is
524 3384 661 3453 strength·
715 3385 861 3456 (Servium
871 3382 1236 3450 Tullium).-circumiusa:

132 3465 204 3519 ened
224 3465 261 3534 by
274 3464 321 3517 the
336 3480 384 3516 use
403 3463 435 3517 of
449 3463 496 3517 the
515 3480 587 3531 pres.
596 3463 661 3534 pla-
704 3463 846 3529 reflexive,
860 3480 890 3515 as
904 3463 932 3515 in
945 3478 987 3529 22,
1001 3476 1025 3529 7,
1042 3478 1080 3515 11.

131 3552 207 3610 ceat,·
225 3562 273 3599 see
285 3560 324 3598 on
341 3557 414 3610 1,27,
427 3544 573 3597 8.-nihil
593 3582 599 3596 .
622 3581 659 3597 ..
757 3561 782 3608 7.
809 3545 963 3596 habituros:
996 3543 1043 3596 the
1076 3543 1182 3613 subject
1214 3543 1238 3597 is

130 3631 253 3680 acturos:
281 3625 330 3678 the
355 3623 411 3677 ind.
436 3625 504 3678 disc.
529 3623 552 3677 is
577 3623 662 3678 intro·
707 3625 931 3695 patres—fides
948 3626 1072 3689 publica:
1093 3641 1139 3677 see
1158 3641 1195 3678 on
1213 3639 1237 3687 2,

130 3707 220 3762 duced
232 3707 271 3776 by
283 3722 301 3758 a
313 3703 380 3758 verb
392 3703 425 3758 of
434 3705 532 3775 saying
548 3704 662 3774 implied
712 3719 755 3772 27,
771 3719 781 3756 1
788 3705 878 3774 fidem
888 3712 1009 3758 senatus.

668 3812 706 3886 ⁶9
