2914 4290
551 289 648 358 soor<
670 309 785 356 xxxix
1079 307 1176 373 [can.
1187 321 1221 371 40

114 472 298 540 Orationes
314 482 348 538 et
360 495 421 555 pro
434 494 469 538 se
482 473 606 536 multae
622 483 655 537 et
672 493 731 554 pro
748 473 819 536 aliis
835 482 869 537 et
884 474 918 535 in
934 473 1034 551 alios;
1058 494 1137 536 nam
1153 494 1219 538 non
1254 490 1270 540 8

114 579 225 642 solum
249 578 439 641 accusando
462 578 521 640 sed
544 579 645 640 etiam
668 596 803 639 causam
826 577 968 641 dicendo
987 577 1141 659 fatigavit
1163 579 1221 640 ini-

115 684 231 745 micos
279 681 472 746 Simultates
494 683 597 744 nimio
627 681 740 763 plures
770 691 803 744 et
832 690 1051 745 exercuerunt
1080 701 1157 745 eum
1187 692 1221 746 et
1255 702 1271 750 9

114 789 190 868 ipse
207 787 352 848 exercuit
368 805 444 861 eas;
467 805 530 849 nec
545 785 643 849 facile
667 785 797 860 dixeris,
815 795 925 848 utrum
942 787 1048 867 magis
1065 788 1222 867 presserit

116 911 196 952 eum
221 889 384 965 nobilitas,
402 910 444 951 an
463 889 518 953 ille
541 889 716 971 agitaverit
740 889 954 952 nobilitatem.
1002 889 1127 971 Asperi
1150 911 1222 971 pro
1242 914 1272 950 10

60 1047 71 1067 ,
116 993 174 1056 cul
189 993 291 1056 dubio
307 993 409 1055 animi
424 1003 458 1056 et
474 994 607 1074 linguae
624 993 763 1071 acerbae
779 1004 813 1057 et
828 993 992 1056 inmodice
1008 994 1130 1057 liberae
1146 994 1220 1070 fuit,

118 1097 178 1160 sed
197 1097 310 1160 invicti
333 1118 353 1159 a
376 1097 612 1178 cupiditatibus
635 1097 744 1172 animi,
762 1097 889 1178 rigidae
912 1097 1131 1174 innocentiae,
1148 1119 1222 1162 con·

116 1211 265 1282 temptor
288 1200 424 1282 gratiae,
449 1200 646 1264 divitiarum.
696 1203 737 1263 In
769 1203 980 1282 parsimonia,
1004 1203 1037 1263 in
1062 1203 1222 1283 patientia
1243 1222 1268 1258 11

119 1304 243 1368 laboris
259 1315 292 1368 et
308 1304 445 1387 periculi
461 1305 561 1368 ferrei
577 1326 681 1387 prope
697 1306 846 1387 corporis
869 1307 1047 1388 animique,
1064 1326 1163 1388 quem
1179 1326 1222 1368 ne

118 1543 194 1596 hunc
223 1541 317 1594 Lesbio
346 1558 459 1594 sacrare
487 1541 650 1610 plectro—
696 1543 779 1593 teonis
818 1540 928 1593 lumina
964 1546 991 1594 ct
1026 1542 1224 1610 quodammodo
1292 1585 1297 1590 .

119 1623 210 1676 omnis
223 1622 345 1687 generis:
367 1621 508 1691 including
521 1629 570 1674 not
583 1621 648 1690 only
697 1623 828 1690 insignia,
858 1639 920 1674 cum
946 1661 952 1673 .
983 1661 989 1673 .
1018 1661 1024 1673 .
1053 1625 1224 1675 continenter

120 1705 165 1757 his
175 1702 314 1772 speecheS,
323 1702 372 1755 but
380 1702 490 1756 alsohis
502 1718 648 1754 numerous
698 1719 786 1754 unum
820 1702 934 1754 verbnm
970 1719 1024 1754 non
1063 1704 1093 1754 in
1130 1704 1223 1756 eodem

120 1784 245 1854 writings
277 1800 314 1836 on
339 1782 447 1835 various
477 1781 649 1851 subjects‚—
697 1785 831 1836 sententia
859 1785 989 1850 ponitur.
1003 1797 1118 1834 -easz
1150 1800 1224 1836 com-

120 1866 228 1933 history
244 1864 305 1934 (the
323 1865 366 1916 De
382 1861 566 1932 Originibus),
580 1861 649 1913 mili·
698 1863 803 1932 pleting
837 1862 883 1914 the
920 1863 1035 1916 chiastic
1067 1871 1221 1929 structure3

120 1955 182 2014 tary
196 1944 300 2009 tactics,
313 1942 457 2009 medicine,
471 1951 523 1996 etc.
698 1943 740 1995 for
764 1943 810 1995 the
835 1942 954 2011 peculias
974 1952 1166 2012 arrangement
1190 1942 1222 1997 of

167 2031 189 2076 8.
216 2038 263 2089 pro
286 2039 331 2075 se:
363 2041 391 2076 se
415 2023 438 2076 is
467 2022 589 2092 justified
612 2022 649 2092 by
698 2021 753 2074 this
773 2030 902 2074 sentence
923 2039 969 2074 see
989 2038 1025 2074 on
1046 2037 1088 2087 22,
1107 2022 1132 2087 6,
1154 2037 1224 2073 2.-

121 2105 272 2176 supplying
295 2123 313 2157 a
338 2105 439 2157 Catone
462 2103 586 2167 tabitam
605 2119 649 2156 ac·
698 2101 849 2154 nobilitas:
878 2101 922 2154 tlte
952 2102 1080 2169 nobility5
1112 2102 1154 2155 for
1177 2102 1224 2155 the

121 2187 239 2257 cording
258 2194 287 2238 to
307 2186 378 2238 Plut.
402 2185 469 2237 Cato
490 2197 519 2251 15
540 2183 574 2236 he
594 2200 649 2236 was
700 2200 747 2236 use
772 2182 804 2236 of
824 2183 870 2235 the
895 2176 1015 2236 abstract
1039 2199 1114 2236 noun
1138 2182 1173 2236 cf,
1199 2199 1224 2251 3,

121 2287 139 2322 a
161 2266 311 2321 defendant
331 2265 424 2334 nearly
439 2264 497 2333 fifty
513 2264 650 2316 times.-
697 2277 741 2331 47,
764 2279 773 2315 1
794 2265 903 2316 civitas,

119 2362 173 2415 pro
186 2349 266 2399 aliis:
294 2345 450 2400 contrasted
465 2344 528 2397 with
541 2347 597 2412 pro
613 2361 649 2410 se,
744 2360 783 2395 ro.
806 2358 824 2395 a
858 2343 1069 2407 cupiditatibus:
1102 2343 1225 2412 personi-

119 2434 153 2484 in
172 2429 241 2482 alios
261 2426 328 2480 with
346 2430 404 2496 pro
427 2425 509 2489 aleis,·
529 2424 578 2477 but
602 2425 650 2478 the
698 2424 768 2492 fied3
802 2424 888 2478 hence
922 2423 969 2477 the
1002 2423 1225 2493 preposition-

121 2507 313 2566 combination
323 2506 347 2558 is
357 2523 392 2559 an
403 2505 576 2558 unfortunate
586 2522 649 2572 one,
699 2507 804 2572 gratiae
814 2524 819 2557 :
831 2505 934 2575 favor.

121 2610 154 2646 as
176 2607 253 2644 some
272 2587 304 2642 of
319 2587 366 2640 the
383 2586 514 2655 speeches
532 2588 562 2638 in
581 2586 655 2637 aleos·
744 2601 783 2636 u.
806 2586 906 2636 laboris
924 2587 951 2636 et
967 2585 1096 2649 periculi:
1120 2583 1153 2638 cf
1179 2585 1225 2638 the

121 2670 215 2726 would
239 2669 275 2723 be
295 2667 421 2721 included
443 2683 545 2736 among
569 2667 650 2720 those
699 2666 865 2735 description
881 2665 912 2719 of
924 2667 994 2720 Cato
1010 2665 1038 2718 in
1054 2679 1096 2734 34,
1113 2665 1152 2732 18,
1166 2681 1183 2732 3
1197 2664 1224 2716 ff.

118 2759 177 2829 pro
201 2768 282 2803 se.—
297 2750 455 2808 accusando,
478 2761 588 2798 causam
610 2747 651 2798 di·
698 2749 749 2800 sed
760 2749 790 2800 in
805 2746 913 2799 consule
930 2762 962 2798 ea
979 2748 1023 2800 aas
1037 2747 1130 2799 animi
1144 2752 1226 2814 atque

122 2835 223 2888 cendo:
244 2829 375 2900 referring
388 2827 558 2897 chiastically
575 2835 604 2882 to
619 2829 650 2880 in
699 2829 793 2898 ingeni
792 2828 856 2899 fuit
866 2833 897 2880 ut
905 2829 999 2880 omnia
1009 2829 1132 2879 munia
1143 2828 1226 2878 mini-

122 2912 195 2965 alios
205 2912 262 2965 and
275 2919 303 2964 to
312 2915 368 2980 pro
380 2926 408 2962 se
424 2909 480 2962 and
494 2912 551 2977 pro
567 2909 632 2961 ole'e's
640 2926 650 2974 ,-
700 2926 799 2978 niaque
808 2912 864 2978 per
879 2924 908 2960 se
921 2909 1014 2960 aderet
1027 2913 1109 2975 atque
1126 2912 1225 2975 ageret,

123 3009 238 3046 causam
253 2993 340 3045 decere
354 2991 377 3043 is
394 2990 461 3043 used
478 2989 544 3059 only
556 2988 588 3043 of
603 2989 650 3042 the
701 3006 747 3042 nec
769 2991 900 3059 cogitaret
923 2989 1000 3042 nudo
1024 2990 1227 3056 e'nperoretque

123 3072 274 3126 defendant
287 3090 318 3126 or
331 3072 373 3124 his
387 3077 553 3140 supporters.
699 3073 817 3140 quaein
837 3085 897 3122 rem
915 3075 1011 3134 essent,
1029 3069 1079 3120 sed
1092 3066 1227 3137 pleraque

170 3170 195 3217 9.
221 3154 379 3204 simultates
396 3188 442 3201 ...
460 3164 524 3201 eas:
541 3168 652 3204 numer·
700 3153 818 3220 ipseper
826 3167 854 3203 se
862 3151 1028 3218 transigeret
1037 3163 1084 3201 nec
1093 3149 1122 3200 in
1135 3165 1226 3216 quem-

123 3235 266 3305 ousfeudr
280 3233 408 3302 occupied
420 3233 478 3285 dinc
494 3233 556 3284 and
568 3231 600 3284 ire
616 3249 651 3284 on
700 3249 785 3302 quom
795 3232 920 3283 omniurn
923 3231 1045 3300 gravius
1053 3229 1227 3296 severiusque

124 3314 169 3366 his
175 3318 248 3383 part
264 3315 316 3367 did
331 3320 378 3366 not
396 3313 432 3366 let
449 3309 522 3365 them
540 3317 605 3365 rest.
617 3342 652 3350 -
700 3329 786 3381 qream
806 3313 837 3363 in
861 3316 943 3363 semet
967 3312 1058 3378 ipsum
1079 3310 1227 3377 imperium

124 3394 211 3445 nimio
242 3395 353 3459 plures:
386 3409 453 3460 very
482 3409 582 3460 orany3
611 3391 653 3445 for
700 3396 840 3457 exerceret,
849 3391 1028 3459 parsimonia
1044 3394 1070 3442 et
1084 3389 1187 3458 vegr'le'is
1201 3393 1227 3440 et

125 3477 213 3528 nimio
225 3492 271 3528 see
284 3492 321 3528 on
338 3489 359 3540 1,
373 3488 423 3540 2,3
437 3472 493 3525 and
505 3471 547 3526 for
553 3472 652 3540 plnres
701 3472 791 3525 labore
804 3488 867 3523 cum
881 3471 986 3523 ultimis
1001 3469 1122 3521 nec'litnm
1140 3474 1228 3521 certa·

125 3555 242 3610 without
267 3555 314 3608 the
339 3554 402 3606 idea
420 3552 452 3606 of
470 3552 652 3620 comparison,
701 3557 745 3606 ret
762 3567 809 3604 nec
826 3553 973 3620 quicquam
991 3552 1021 3602 in
1042 3551 1159 3602 enercitn
1177 3564 1228 3600 suo

125 3634 653 3702 cf.42,17‚6.-exercuerunt...exer-
697 3633 848 3701 praecipui
859 3635 977 3700 practer
996 3630 1126 3683 honorem
1146 3634 1228 3696 atque

125 3716 198 3769 cuit:
223 3716 281 3769 Cic.
306 3715 386 3768 Orat.
419 3726 466 3781 135
498 3719 564 3765 sunt
590 3730 653 3766 ora·
701 3713 851 3780 imperium
869 3710 986 3764 liaberet.

651 3835 708 3894 347
