2918 4296
625 288 720 338 soor<
743 289 770 336 11
1102 287 1200 354 [cm.
1213 302 1244 355 27

142 453 320 534 adpareret
350 473 417 516 non
448 461 516 515 tam
548 451 589 514 ad
621 452 782 515 honorem
810 452 890 528 eius,
923 452 975 515 cui
998 453 1124 516 curatio
1149 455 1244 518 altior

143 556 278 638 fastigio
302 577 362 620 suo
385 556 464 618 data
486 566 584 630 esset,
609 556 735 618 factum
760 576 859 637 quam
888 556 929 618 ad
957 558 1129 619 consulum
1153 559 1244 640 igno·

143 660 289 723 miniam.
337 659 471 724 Saevire
499 659 576 722 inde
599 660 713 741 utique
744 660 917 722 consulum
942 661 1024 722 alter
1055 671 1242 744 patresque,
1280 680 1293 732 7

142 764 202 826 sed
227 763 317 845 plebi
332 773 505 826 creverant
528 762 638 839 animi,
656 773 689 825 et
706 764 806 844 longe
829 763 894 825 alia
917 784 1015 844 quam
1034 765 1140 845 primo
1156 766 1244 829 insti-

142 877 276 931 tuerant
291 868 344 930 via
360 867 606 948 grassabantur.
656 867 843 948 Desperato
860 867 947 929 enim
966 870 1139 930 consulum
1153 890 1244 932 sena·
1279 881 1293 929 8

142 981 262 1054 tusque
280 971 409 1046 auxilio,
424 991 498 1034 curn
511 973 544 1033 in
562 971 612 1034 ius
628 971 705 1033 duci
721 971 903 1034 debitorem
916 972 1085 1048 vidissent,
1099 974 1243 1055 undique

142 1075 373 1139 convolabant.
445 1075 563 1157 Neque
594 1074 764 1138 decretum
803 1074 951 1137 exaudiri
989 1076 1133 1140 consulis
1164 1098 1243 1158 prae

142 1178 284 1261 strepitu
314 1188 347 1242 et
378 1180 522 1241 clamore
550 1187 689 1260 poterat,
714 1198 831 1259 neque,
858 1199 933 1242 cum
957 1181 1135 1256 decresset,
1160 1183 1245 1263 quis·

143 1303 243 1365 quam
278 1283 539 1364 obtemperabat.
600 1281 644 1346 Vi
678 1283 848 1363 agebatur,
876 1293 1050 1365 metusque
1082 1286 1187 1348 omnis
1212 1296 1245 1348 et
1278 1310 1294 1358 9

143 1386 326 1468 periculum
355 1382 564 1470 [libertatis],
589 1406 665 1448 curn
688 1387 723 1447 in
747 1397 928 1467 conspectu
956 1388 1100 1450 consulis
1124 1389 1245 1470 singuli

144 1511 163 1552 a
179 1489 328 1571 pluribus
344 1491 556 1565 violarentur,
568 1489 601 1551 in
614 1487 793 1552 creditores
811 1510 830 1551 a
846 1490 1049 1553 debitoribus
1066 1501 1242 1554 verterant.

145 1595 254 1676 Super
277 1594 361 1657 haec
377 1596 475 1657 timor
491 1593 627 1656 incessit
649 1593 765 1657 Sabini
784 1595 861 1657 belli
872 1615 879 1670 ;
904 1595 1092 1676 dilectuque
1111 1596 1245 1659 decreto
1266 1627 1296 1662 ιο

144 1718 244 1761 nemo
259 1718 381 1761 nomen
398 1698 498 1774 dedit,
512 1697 646 1761 furente
659 1697 775 1780 Appio
788 1707 821 1761 et
833 1698 1018 1762 insectante
1031 1701 1244 1763 ambitionem

144 1802 301 1883 collegae,
319 1803 375 1884 qui
392 1800 544 1884 populari
561 1800 691 1865 silentio
708 1822 776 1864 rem
794 1803 958 1884 publicam
977 1803 1141 1884 proderet,
1154 1813 1188 1867 et
1203 1805 1245 1866 ad

143 1906 186 1982 id,
205 1906 294 1989 quod
310 1907 352 1969 de
368 1905 493 1974 credita
510 1907 653 1988 pecunia
668 1907 719 1969 ius
735 1927 802 1969 non
820 1905 965 1981 dixisset,
983 1907 1137 1984 adiceret,
1155 1918 1245 1971 utne

144 2011 302 2074 dilectum
326 2010 460 2092 quidem
484 2030 524 2072 ex
548 2021 684 2074 senatus
707 2011 859 2073 consulto
890 2010 1046 2073 haberet:
1075 2032 1140 2073 non
1172 2031 1245 2075 esse
1266 2033 1292 2068 11

144 2126 258 2178 tamen
281 2114 446 2177 desertam
469 2115 604 2178 omnino
631 2135 700 2178 rem
731 2114 898 2196 publicam
929 2134 1038 2195 neque
1062 2114 1245 2196 proiectum

144 2219 319 2283 consulare
335 2219 530 2300 imperium;
553 2239 589 2282 se
605 2239 708 2280 unum
725 2228 758 2280 et
770 2238 850 2280 suae
866 2227 899 2280 et
916 2228 1048 2299 patrum
1065 2218 1247 2281 maiestatis

143 2324 310 2388 vindicem
341 2324 424 2386 fore.
488 2323 571 2387 Cum
607 2322 835 2386 circumstaret
867 2321 1032 2385 cotidiana
1071 2322 1246 2386 multitudo
1268 2349 1296 2384 12

145 2428 278 2492 licentia
301 2447 453 2502 accensa,
470 2428 577 2509 adripi
596 2446 699 2489 unum
723 2425 887 2506 insignem
906 2425 1024 2488 ducem
1048 2425 1246 2489 seditionum

144 2531 249 2594 iussit.
297 2531 359 2594 Ille
390 2551 464 2594 cum
490 2551 510 2592 a
533 2530 702 2594 lictoribus
726 2529 792 2592 iarn
815 2529 1011 2606 traheretur,
1037 2530 1245 2618 provocavit;

145 2726 206 2780 that
223 2725 311 2797 might
329 2725 399 2779 have
415 2725 544 2780 occurred
563 2725 592 2779 in
610 2734 672 2796 past
723 2726 851 2780 incessit:
882 2723 950 2794 Livy
971 2724 1104 2796 regularly
1126 2725 1175 2780 has
1200 2727 1248 2781 the

145 2807 227 2873 time3
254 2808 336 2874 Lane,
360 2821 441 2876 15593
465 2806 500 2860 cf.
527 2822 569 2874 22,
592 2821 616 2874 7,
641 2822 671 2860 12
723 2823 780 2861 acc.
795 2805 861 2858 with
874 2803 929 2858 this
940 2805 1020 2870 verb,
1042 2805 1090 2860 but
1103 2805 1137 2860 cf.
1149 2809 1247 2876 9,4,6.
1301 2831 1302 2834 ¹

144 2887 453 2954 cerneres-fastigio:
498 2889 589 2951 rank5
631 2887 673 2941 for
725 2887 957 2940 -ambitionem
984 2884 1019 2940 cf.
1046 2885 1060 2950 ἓ
1085 2900 1103 2951 4
1126 2888 1248 2940 anditio-

145 2967 200 3021 this
221 2968 349 3039 meaning
368 2968 400 3023 cf.
419 2983 443 3037 3,
464 2983 505 3038 35,
524 2984 550 3039 9.
722 2967 972 3033 sun-populari
1007 2968 1132 3020 silentio:
1168 2969 1200 3036 by
1231 2987 1248 3019 n

191 3065 215 3112 7.
242 3053 451 3114 grassabantur:
464 3050 510 3103 the
516 3050 591 3104 word
597 3049 673 3103 often
723 3050 818 3102 silence
831 3048 963 3102 intended
971 3053 998 3101 to
1009 3049 1066 3100 win
1078 3048 1248 3117 populnrz'ty.

146 3128 273 3184 contains
286 3130 333 3184 the
345 3129 407 3184 idea
422 3131 453 3185 of
466 3130 603 3194 violence,
624 3129 673 3184 but
723 3131 898 3195 -proderet,
917 3130 1049 3180 adiceret:
1072 3128 1118 3181 the
1137 3144 1249 3180 reasons

145 3209 179 3264 cf.
190 3225 214 3276 3,
224 3224 267 3275 44,
281 3210 296 3263 8
308 3227 336 3262 se
347 3212 409 3264 inre
415 3213 552 3280 grassari,
566 3227 620 3263 non
634 3211 673 3263 vi.
723 3209 807 3281 given
823 3209 861 3280 by
873 3209 995 3278 Appius;
1016 3209 1103 3263 hence
1122 3209 1169 3261 the
1186 3208 1250 3262 sub·

190 3297 214 3342 8.
241 3305 321 3356 prae:
341 3307 388 3345 see
401 3308 437 3344 on
454 3306 475 3356 1,
489 3305 530 3360 29,
544 3307 569 3358 3.
722 3290 936 3360 junctive.—ut
960 3329 965 3341 .
988 3329 994 3340 .
1021 3329 1026 3340 .
1051 3293 1175 3342 haberet:
1203 3289 1250 3342 the

190 3387 216 3434 9.
247 3371 429 3442 [libertatis]:
474 3371 592 3440 rejected
637 3370 674 3440 by
725 3370 815 3440 object
833 3369 864 3422 of
879 3371 1002 3422 adiceret.

146 3451 262 3522 Madvig
283 3469 321 3507 on
342 3452 390 3506 the
410 3451 518 3522 ground
543 3451 602 3504 that
626 3450 674 3504 the
770 3473 810 3506 11.
836 3452 1000 3515 proiectum:
1014 3468 1060 3505 see
1070 3468 1107 3505 on
1117 3465 1159 3517 22,
1168 3464 1211 3515 44,
1222 3463 1248 3516 7.

146 3531 267 3585 freedom
281 3532 319 3586 of
334 3532 381 3585 the
401 3531 531 3587 creditore
550 3548 604 3584 was
624 3541 673 3584 not
770 3553 809 3586 12.
835 3533 1008 3597 provocavit:
1029 3531 1063 3585 he
1077 3531 1208 3600 appealed
1221 3539 1250 3583 to

146 3612 333 3683 endangered.
724 3611 771 3664 the
784 3613 895 3681 people3
917 3612 1066 3682 according
1085 3620 1113 3665 to
1133 3612 1180 3664 the
1200 3611 1249 3663 law

193 3711 233 3745 ro.
261 3707 341 3758 super
362 3695 427 3746 haec
440 3716 464 3739 =
473 3697 629 3762 praeterea.
639 3723 673 3731 -
725 3692 756 3745 os
768 3695 799 3744 P.
815 3692 950 3758 Valerius,
964 3693 1063 3762 passed
1083 3691 1111 3744 in
1131 3706 1189 3761 509,
1203 3690 1251 3744 the

683 3797 720 3867 67
